Gmt time,Ask,Bid,AskVolume,BidVolume
07.04.2023 00:00:00.052,13048.801000000001,13045.608999999999,0.0004,0.0012
07.04.2023 00:00:00.103,13049.051000000001,13045.599,0.0004,0.0004
07.04.2023 00:00:00.200,13049.083,13046.099,0.0004,0.0004
07.04.2023 00:00:00.250,13049.581000000002,13046.009,0.0004,0.0004
07.04.2023 00:00:00.676,13048.701000000001,13045.239,0.0004,0.0012
07.04.2023 00:00:00.727,13048.771,13045.269,0.0004,0.0004
07.04.2023 00:00:00.836,13048.713000000002,13045.519,0.0004,0.0004
07.04.2023 00:00:00.887,13048.811000000002,13045.798999999999,0.0004,0.0004
07.04.2023 00:00:00.996,13048.751000000002,13045.269,0.0004,0.0012
07.04.2023 00:00:01.047,13048.711000000001,13045.298999999999,0.0004,0.0004
07.04.2023 00:00:01.158,13048.241000000002,13044.989,0.0004,0.0012
07.04.2023 00:00:01.208,13048.221000000001,13044.769,0.0004,0.0004
07.04.2023 00:00:01.325,13048.193000000001,13045.108999999999,0.0004,0.0004
07.04.2023 00:00:01.376,13048.311000000002,13045.028999999999,0.0004,0.0004
07.04.2023 00:00:02.815,13048.543000000001,13045.239,0.0004,0.0004
07.04.2023 00:00:02.865,13048.681,13045.319,0.0004,0.0004
07.04.2023 00:00:02.974,13048.703000000001,13046.019,0.0004,0.0004
07.04.2023 00:00:03.025,13049.541000000001,13046.038999999999,0.0004,0.0004
07.04.2023 00:00:03.134,13049.241000000002,13045.759,0.0004,0.0012
07.04.2023 00:00:03.197,13049.241000000002,13045.809,0.0004,0.0004
07.04.2023 00:00:03.293,13049.203000000001,13045.829,0.0004,0.0004
07.04.2023 00:00:03.344,13049.341,13045.819,0.0004,0.0004
07.04.2023 00:00:03.455,13049.363000000001,13046.099,0.0004,0.0004
07.04.2023 00:00:03.506,13049.481000000002,13046.019,0.0004,0.0004
07.04.2023 00:00:03.616,13049.503,13046.188999999998,0.0004,0.0004
07.04.2023 00:00:03.667,13049.621000000001,13046.118999999999,0.0004,0.0004
07.04.2023 00:00:03.775,13049.683,13046.269,0.0004,0.0004
07.04.2023 00:00:03.826,13049.761,13046.298999999999,0.0004,0.0004
07.04.2023 00:00:03.934,13049.693000000001,13046.509,0.0004,0.0004
07.04.2023 00:00:03.984,13050.051000000001,13046.559,0.0004,0.0004
07.04.2023 00:00:04.574,13050.083,13047.108999999999,0.0004,0.0004
07.04.2023 00:00:04.624,13050.561000000002,13047.009,0.0004,0.0004
07.04.2023 00:00:05.359,13050.523000000001,13047.249,0.0004,0.0004
07.04.2023 00:00:05.409,13050.721000000001,13047.259,0.0004,0.0004
07.04.2023 00:00:05.787,13050.713000000002,13047.519,0.0004,0.0004
07.04.2023 00:00:05.838,13051.071000000002,13047.509,0.0004,0.0004
07.04.2023 00:00:06.107,13050.791000000001,13047.489,0.0004,0.0012
07.04.2023 00:00:06.158,13050.691,13047.489,0.0004,0.0004
07.04.2023 00:00:06.269,13050.531,13047.287,0.0004,0.0004
07.04.2023 00:00:06.320,13050.541000000001,13047.048999999999,0.0004,0.0004
07.04.2023 00:00:06.653,13050.573,13047.229,0.0004,0.0004
07.04.2023 00:00:06.704,13050.501000000002,13047.239,0.0004,0.0004
07.04.2023 00:00:07.642,13050.773000000001,13048.019,0.0004,0.0004
07.04.2023 00:00:07.693,13051.481000000002,13048.079,0.0004,0.0004
07.04.2023 00:00:07.966,13050.711000000001,13047.298999999999,0.0004,0.0012
07.04.2023 00:00:08.017,13050.781,13047.288999999999,0.0004,0.0004
07.04.2023 00:00:08.122,13050.783000000001,13047.519,0.0004,0.0004
07.04.2023 00:00:08.173,13051.061000000002,13047.589,0.0004,0.0004
07.04.2023 00:00:08.701,13050.983,13048.099,0.0004,0.0004
07.04.2023 00:00:08.752,13051.331000000002,13047.899,0.0004,0.0004
07.04.2023 00:00:08.861,13051.323,13048.118999999999,0.0004,0.0004
07.04.2023 00:00:08.912,13051.531,13048.089,0.0004,0.0004
07.04.2023 00:00:09.143,13051.341,13048.087,0.0004,0.0004
07.04.2023 00:00:09.194,13051.291000000001,13048.099,0.0004,0.0004
07.04.2023 00:00:09.303,13051.323,13048.009,0.0004,0.0004
07.04.2023 00:00:09.354,13051.541000000001,13048.009,0.0004,0.0004
07.04.2023 00:00:09.843,13051.301000000001,13048.067,0.0004,0.0004
07.04.2023 00:00:09.894,13051.301000000001,13047.839,0.0004,0.0004
07.04.2023 00:00:10.005,13051.061000000002,13047.559,0.0004,0.0012
07.04.2023 00:00:10.055,13051.061000000002,13047.579,0.0004,0.0004
07.04.2023 00:00:11.220,13050.681,13047.309,0.0004,0.0012
07.04.2023 00:00:11.271,13050.501000000002,13047.278999999999,0.0004,0.0004
07.04.2023 00:00:11.380,13050.763,13047.528999999999,0.0004,0.0004
07.04.2023 00:00:11.430,13051.081000000002,13047.519,0.0004,0.0004
07.04.2023 00:00:11.821,13050.711000000001,13047.249,0.0004,0.0012
07.04.2023 00:00:11.871,13050.781,13047.298999999999,0.0004,0.0004
07.04.2023 00:00:12.385,13050.631000000001,13047.226999999999,0.0004,0.0004
07.04.2023 00:00:12.436,13050.671000000002,13047.108999999999,0.0004,0.0004
07.04.2023 00:00:12.544,13050.541000000001,13047.288999999999,0.0004,0.0012
07.04.2023 00:00:12.594,13050.541000000001,13047.099,0.0004,0.0004
07.04.2023 00:00:13.774,13050.523000000001,13047.159,0.0004,0.0004
07.04.2023 00:00:13.825,13050.681,13047.179,0.0004,0.0004
07.04.2023 00:00:13.935,13050.663,13047.599,0.0004,0.0004
07.04.2023 00:00:13.985,13050.991000000002,13047.599,0.0004,0.0004
07.04.2023 00:00:15.365,13050.851,13047.389,0.0004,0.0012
07.04.2023 00:00:15.416,13050.821000000002,13047.349,0.0004,0.0004
07.04.2023 00:00:15.524,13050.781,13047.407,0.0004,0.0004
07.04.2023 00:00:15.574,13050.501000000002,13047.298999999999,0.0004,0.0004
07.04.2023 00:00:16.721,13050.521,13047.089,0.0004,0.0012
07.04.2023 00:00:16.771,13050.561000000002,13047.028999999999,0.0004,0.0004
07.04.2023 00:00:17.038,13050.371000000001,13047.087,0.0004,0.0004
07.04.2023 00:00:17.088,13050.301000000001,13046.849,0.0004,0.0004
07.04.2023 00:00:17.201,13050.353000000001,13047.038999999999,0.0004,0.0004
07.04.2023 00:00:17.251,13050.521,13047.009,0.0004,0.0004
07.04.2023 00:00:17.734,13050.311000000002,13047.047,0.0004,0.0004
07.04.2023 00:00:17.785,13050.341,13046.839,0.0004,0.0004
07.04.2023 00:00:18.213,13050.201000000001,13046.857,0.0004,0.0004
07.04.2023 00:00:18.263,13050.211000000001,13046.729,0.0004,0.0004
07.04.2023 00:00:18.372,13050.253,13046.868999999999,0.0004,0.0004
07.04.2023 00:00:18.423,13050.101,13046.839,0.0004,0.0004
07.04.2023 00:00:18.561,13050.231000000002,13046.817,0.0004,0.0004
07.04.2023 00:00:18.611,13050.251000000002,13046.729,0.0004,0.0004
07.04.2023 00:00:18.719,13050.111,13046.777,0.0004,0.0004
07.04.2023 00:00:18.770,13049.911000000002,13046.649,0.0004,0.0004
07.04.2023 00:00:18.957,13049.913,13046.809,0.0004,0.0004
07.04.2023 00:00:19.008,13050.211000000001,13046.719,0.0004,0.0004
07.04.2023 00:00:19.765,13050.061000000002,13046.757,0.0004,0.0004
07.04.2023 00:00:19.816,13050.011,13046.519,0.0004,0.0004
07.04.2023 00:00:20.144,13049.803,13046.679,0.0004,0.0004
07.04.2023 00:00:20.194,13050.141000000001,13046.679,0.0004,0.0004
07.04.2023 00:00:20.463,13050.123000000001,13046.729,0.0004,0.0004
07.04.2023 00:00:20.513,13050.231000000002,13046.739,0.0004,0.0004
07.04.2023 00:00:20.954,13050.213000000002,13046.858999999999,0.0004,0.0004
07.04.2023 00:00:21.004,13050.301000000001,13046.819,0.0004,0.0004
07.04.2023 00:00:21.503,13050.113000000001,13047.089,0.0004,0.0004
07.04.2023 00:00:21.553,13050.591,13047.079,0.0004,0.0004
07.04.2023 00:00:22.045,13050.011,13046.729,0.0004,0.0012
07.04.2023 00:00:22.096,13050.291000000001,13046.749,0.0004,0.0004
07.04.2023 00:00:22.537,13050.011,13046.757,0.0004,0.0004
07.04.2023 00:00:22.588,13050.011,13046.509,0.0004,0.0004
07.04.2023 00:00:22.697,13050.043000000001,13046.719,0.0004,0.0004
07.04.2023 00:00:22.747,13050.221000000001,13046.778999999999,0.0004,0.0004
07.04.2023 00:00:23.323,13050.253,13046.839,0.0004,0.0004
07.04.2023 00:00:23.373,13050.311000000002,13046.819,0.0004,0.0004
07.04.2023 00:00:23.483,13050.353000000001,13047.108999999999,0.0004,0.0004
07.04.2023 00:00:23.533,13050.531,13047.028999999999,0.0004,0.0004
07.04.2023 00:00:23.641,13050.321000000002,13047.099,0.0004,0.0012
07.04.2023 00:00:23.691,13050.281,13046.889,0.0004,0.0004
07.04.2023 00:00:23.807,13050.281,13046.817,0.0004,0.0004
07.04.2023 00:00:23.857,13050.011,13046.788999999999,0.0004,0.0004
07.04.2023 00:00:23.963,13050.091,13046.797,0.0004,0.0004
07.04.2023 00:00:24.014,13050.141000000001,13046.618999999999,0.0004,0.0004
07.04.2023 00:00:24.123,13050.113000000001,13047.028999999999,0.0004,0.0004
07.04.2023 00:00:24.174,13050.501000000002,13047.069,0.0004,0.0004
07.04.2023 00:00:24.285,13050.311000000002,13047.057,0.0004,0.0004
07.04.2023 00:00:24.336,13050.331000000002,13046.919,0.0004,0.0004
07.04.2023 00:00:24.444,13050.121000000001,13046.847,0.0004,0.0004
07.04.2023 00:00:24.495,13049.911000000002,13046.679,0.0004,0.0004
07.04.2023 00:00:24.602,13050.143,13046.809,0.0004,0.0004
07.04.2023 00:00:24.653,13050.241000000002,13046.778999999999,0.0004,0.0004
07.04.2023 00:00:25.302,13050.273000000001,13046.858999999999,0.0004,0.0004
07.04.2023 00:00:25.352,13050.321000000002,13046.829,0.0004,0.0004
07.04.2023 00:00:25.461,13050.283000000001,13047.089,0.0004,0.0004
07.04.2023 00:00:25.511,13050.501000000002,13047.099,0.0004,0.0004
07.04.2023 00:00:26.078,13050.111,13046.639,0.0004,0.0012
07.04.2023 00:00:26.129,13050.151000000002,13046.688999999998,0.0004,0.0004
07.04.2023 00:00:26.749,13050.053,13046.659,0.0004,0.0004
07.04.2023 00:00:26.799,13050.081000000002,13046.579,0.0004,0.0004
07.04.2023 00:00:26.909,13050.033000000001,13047.089,0.0004,0.0004
07.04.2023 00:00:26.959,13050.331000000002,13046.819,0.0004,0.0004
07.04.2023 00:00:27.225,13050.333,13047.019,0.0004,0.0004
07.04.2023 00:00:27.275,13050.571000000002,13047.069,0.0004,0.0004
07.04.2023 00:00:28.787,13050.351,13047.027,0.0004,0.0004
07.04.2023 00:00:28.838,13050.381000000001,13046.909,0.0004,0.0004
07.04.2023 00:00:28.944,13050.231000000002,13046.989,0.0004,0.0012
07.04.2023 00:00:28.995,13050.221000000001,13046.708999999999,0.0004,0.0004
07.04.2023 00:00:29.104,13049.903,13046.708999999999,0.0004,0.0004
07.04.2023 00:00:29.155,13049.901000000002,13046.708999999999,0.0004,0.0004
07.04.2023 00:00:29.700,13050.211000000001,13046.778999999999,0.0004,0.0004
07.04.2023 00:00:30.224,13049.911000000002,13046.807,0.0004,0.0004
07.04.2023 00:00:30.275,13050.151000000002,13046.608999999999,0.0004,0.0004
07.04.2023 00:00:30.384,13050.081000000002,13046.637,0.0004,0.0004
07.04.2023 00:00:30.435,13050.011,13046.569,0.0004,0.0004
07.04.2023 00:00:30.751,13049.381000000001,13045.878999999999,0.0004,0.0012
07.04.2023 00:00:30.801,13049.341,13045.849,0.0004,0.0004
07.04.2023 00:00:30.910,13049.373000000001,13046.019,0.0004,0.0004
07.04.2023 00:00:30.960,13049.511,13046.298999999999,0.0004,0.0004
07.04.2023 00:00:31.315,13049.351,13046.027,0.0004,0.0004
07.04.2023 00:00:31.365,13049.341,13045.829,0.0004,0.0004
07.04.2023 00:00:31.476,13049.261,13045.817,0.0004,0.0004
07.04.2023 00:00:31.526,13049.221000000001,13045.798999999999,0.0004,0.0004
07.04.2023 00:00:34.224,13049.081000000002,13045.757,0.0004,0.0004
07.04.2023 00:00:34.274,13049.091,13045.559,0.0004,0.0004
07.04.2023 00:00:37.393,13048.993,13045.788999999999,0.0004,0.0004
07.04.2023 00:00:37.443,13049.191,13045.989,0.0004,0.0004
07.04.2023 00:00:38.031,13049.161000000002,13045.767,0.0004,0.0004
07.04.2023 00:00:38.082,13049.111,13045.688999999998,0.0004,0.0004
07.04.2023 00:00:38.506,13049.163,13045.759,0.0004,0.0004
07.04.2023 00:00:38.556,13049.281,13045.778999999999,0.0004,0.0004
07.04.2023 00:00:41.328,13049.223,13045.858999999999,0.0004,0.0004
07.04.2023 00:00:41.379,13049.321000000002,13045.909,0.0004,0.0004
07.04.2023 00:00:41.489,13049.333,13046.499,0.0004,0.0004
07.04.2023 00:00:41.540,13049.691,13046.239,0.0004,0.0004
07.04.2023 00:00:41.815,13049.411000000002,13046.297,0.0004,0.0004
07.04.2023 00:00:41.866,13049.661000000002,13046.118999999999,0.0004,0.0004
07.04.2023 00:00:42.261,13049.653,13046.208999999999,0.0004,0.0004
07.04.2023 00:00:42.311,13049.781,13046.208999999999,0.0004,0.0004
07.04.2023 00:00:42.419,13049.713000000002,13046.589,0.0004,0.0004
07.04.2023 00:00:42.470,13050.001000000002,13046.519,0.0004,0.0004
07.04.2023 00:00:42.580,13049.601,13046.577,0.0004,0.0004
07.04.2023 00:00:42.631,13049.861,13046.329,0.0004,0.0004
07.04.2023 00:00:42.843,13049.681,13046.367,0.0004,0.0004
07.04.2023 00:00:42.894,13049.691,13046.239,0.0004,0.0004
07.04.2023 00:00:43.006,13049.671000000002,13046.277,0.0004,0.0004
07.04.2023 00:00:43.056,13049.611,13046.159,0.0004,0.0004
07.04.2023 00:00:43.167,13049.651000000002,13046.247,0.0004,0.0004
07.04.2023 00:00:43.217,13049.711000000001,13046.309,0.0004,0.0004
07.04.2023 00:00:44.749,13049.773000000001,13047.079,0.0004,0.0004
07.04.2023 00:00:44.800,13050.501000000002,13047.288999999999,0.0004,0.0004
07.04.2023 00:00:44.914,13050.371000000001,13047.027,0.0004,0.0004
07.04.2023 00:00:44.964,13050.381000000001,13046.858999999999,0.0004,0.0004
07.04.2023 00:00:45.070,13049.651000000002,13046.188999999998,0.0004,0.0012
07.04.2023 00:00:45.121,13049.601,13046.139,0.0004,0.0004
07.04.2023 00:00:45.233,13049.643,13046.239,0.0004,0.0004
07.04.2023 00:00:45.283,13049.741000000002,13046.298999999999,0.0004,0.0004
07.04.2023 00:00:45.393,13049.651000000002,13046.307,0.0004,0.0004
07.04.2023 00:00:45.443,13049.411000000002,13046.128999999999,0.0004,0.0004
07.04.2023 00:00:45.606,13049.613000000001,13046.249,0.0004,0.0004
07.04.2023 00:00:45.657,13049.781,13046.208999999999,0.0004,0.0004
07.04.2023 00:00:45.928,13049.713000000002,13046.778999999999,0.0004,0.0004
07.04.2023 00:00:45.979,13050.281,13046.989,0.0004,0.0004
07.04.2023 00:00:46.087,13050.193000000001,13047.108999999999,0.0004,0.0004
07.04.2023 00:00:46.138,13050.561000000002,13047.019,0.0004,0.0004
07.04.2023 00:00:47.935,13050.573,13047.169,0.0004,0.0004
07.04.2023 00:00:47.986,13050.581000000002,13047.169,0.0004,0.0004
07.04.2023 00:00:48.736,13050.271,13046.719,0.0004,0.0012
07.04.2023 00:00:48.787,13050.221000000001,13046.769,0.0004,0.0004
07.04.2023 00:00:49.000,13050.283000000001,13046.919,0.0004,0.0004
07.04.2023 00:00:49.051,13050.371000000001,13046.839,0.0004,0.0004
07.04.2023 00:00:49.159,13050.191,13046.847,0.0004,0.0004
07.04.2023 00:00:49.210,13050.211000000001,13046.759,0.0004,0.0004
07.04.2023 00:00:50.055,13049.901000000002,13046.737,0.0004,0.0004
07.04.2023 00:00:50.106,13050.111,13046.659,0.0004,0.0004
07.04.2023 00:00:50.537,13050.031,13046.677,0.0004,0.0004
07.04.2023 00:00:50.587,13050.081000000002,13046.509,0.0004,0.0004
07.04.2023 00:00:50.697,13050.043000000001,13046.608999999999,0.0004,0.0004
07.04.2023 00:00:50.748,13050.171000000002,13046.698999999999,0.0004,0.0004
07.04.2023 00:00:50.855,13050.011,13046.646999999999,0.0004,0.0004
07.04.2023 00:00:50.906,13050.051000000001,13046.589,0.0004,0.0004
07.04.2023 00:00:51.018,13050.063,13046.698999999999,0.0004,0.0004
07.04.2023 00:00:51.068,13050.131000000001,13046.608999999999,0.0004,0.0004
07.04.2023 00:00:51.237,13050.103000000001,13046.819,0.0004,0.0004
07.04.2023 00:00:51.287,13050.261,13046.999,0.0004,0.0004
07.04.2023 00:00:52.923,13050.273000000001,13046.899,0.0004,0.0004
07.04.2023 00:00:52.973,13050.321000000002,13046.858999999999,0.0004,0.0004
07.04.2023 00:00:53.080,13050.271,13046.867,0.0004,0.0004
07.04.2023 00:00:53.131,13050.181,13046.809,0.0004,0.0004
07.04.2023 00:00:56.074,13050.193000000001,13046.868999999999,0.0004,0.0004
07.04.2023 00:00:56.124,13050.311000000002,13046.919,0.0004,0.0004
07.04.2023 00:00:56.234,13050.333,13047.169,0.0004,0.0004
07.04.2023 00:00:56.285,13050.631000000001,13047.128999999999,0.0004,0.0004
07.04.2023 00:00:56.494,13050.541000000001,13047.157,0.0004,0.0004
07.04.2023 00:00:56.545,13050.551000000001,13047.118999999999,0.0004,0.0004
07.04.2023 00:00:57.875,13050.533000000001,13047.128999999999,0.0004,0.0004
07.04.2023 00:00:57.925,13050.661000000002,13047.128999999999,0.0004,0.0004
07.04.2023 00:00:58.070,13050.521,13047.127,0.0004,0.0004
07.04.2023 00:00:58.121,13050.571000000002,13047.048999999999,0.0004,0.0004
07.04.2023 00:00:58.228,13050.583,13047.149,0.0004,0.0004
07.04.2023 00:00:58.279,13050.681,13047.399,0.0004,0.0004
07.04.2023 00:00:58.391,13050.581000000002,13047.298999999999,0.0004,0.0012
07.04.2023 00:00:58.442,13050.491000000002,13047.079,0.0004,0.0004
07.04.2023 00:00:58.547,13050.533000000001,13047.219,0.0004,0.0004
07.04.2023 00:00:58.597,13050.691,13047.259,0.0004,0.0004
07.04.2023 00:00:58.706,13050.703000000001,13047.639,0.0004,0.0004
07.04.2023 00:00:58.756,13051.111,13047.679,0.0004,0.0004
07.04.2023 00:00:58.871,13051.133000000002,13047.809,0.0004,0.0004
07.04.2023 00:00:58.922,13051.251000000002,13047.809,0.0004,0.0004
07.04.2023 00:00:59.438,13051.101,13047.707,0.0004,0.0004
07.04.2023 00:00:59.489,13051.121000000001,13047.628999999999,0.0004,0.0004
07.04.2023 00:00:59.599,13050.991000000002,13047.687,0.0004,0.0004
07.04.2023 00:00:59.649,13051.021,13047.538999999999,0.0004,0.0004
07.04.2023 00:01:00.252,13051.053,13047.878999999999,0.0004,0.0004
07.04.2023 00:01:00.302,13051.291000000001,13047.889,0.0004,0.0004
07.04.2023 00:01:00.412,13051.171000000002,13047.688999999998,0.0004,0.0012
07.04.2023 00:01:00.463,13051.111,13047.688999999998,0.0004,0.0004
07.04.2023 00:01:00.917,13051.133000000002,13047.778999999999,0.0004,0.0004
07.04.2023 00:01:00.967,13051.231000000002,13047.989,0.0004,0.0004
07.04.2023 00:01:01.958,13051.213000000002,13048.309,0.0004,0.0004
07.04.2023 00:01:02.008,13051.511,13048.269,0.0004,0.0004
07.04.2023 00:01:02.119,13051.541000000001,13048.217,0.0004,0.0004
07.04.2023 00:01:02.170,13051.581000000002,13048.059,0.0004,0.0004
07.04.2023 00:01:02.933,13051.313,13048.149,0.0004,0.0004
07.04.2023 00:01:02.984,13051.411000000002,13048.108999999999,0.0004,0.0004
07.04.2023 00:01:03.730,13051.643,13048.208999999999,0.0004,0.0004
07.04.2023 00:01:03.780,13051.711000000001,13048.489,0.0004,0.0004
07.04.2023 00:01:04.046,13051.503,13048.798999999999,0.0004,0.0004
07.04.2023 00:01:04.096,13052.051000000001,13048.589,0.0004,0.0004
07.04.2023 00:01:04.207,13051.541000000001,13048.028999999999,0.0004,0.0012
07.04.2023 00:01:04.258,13051.581000000002,13048.099,0.0004,0.0004
07.04.2023 00:01:04.367,13051.533000000001,13048.208999999999,0.0004,0.0004
07.04.2023 00:01:04.418,13051.791000000001,13048.489,0.0004,0.0004
07.04.2023 00:01:05.366,13051.743,13048.509,0.0004,0.0004
07.04.2023 00:01:05.417,13052.001000000002,13048.599,0.0004,0.0004
07.04.2023 00:01:05.522,13051.761,13048.309,0.0004,0.0012
07.04.2023 00:01:05.572,13051.691,13048.298999999999,0.0004,0.0004
07.04.2023 00:01:06.316,13051.723,13048.389,0.0004,0.0004
07.04.2023 00:01:06.367,13051.801000000001,13048.329,0.0004,0.0004
07.04.2023 00:01:06.476,13051.833,13048.569,0.0004,0.0004
07.04.2023 00:01:06.526,13051.991000000002,13048.528999999999,0.0004,0.0004
07.04.2023 00:01:06.952,13051.803,13048.698999999999,0.0004,0.0004
07.04.2023 00:01:07.003,13052.191,13048.618999999999,0.0004,0.0004
07.04.2023 00:01:07.114,13052.041000000001,13048.697,0.0004,0.0004
07.04.2023 00:01:07.164,13052.041000000001,13048.599,0.0004,0.0004
07.04.2023 00:01:07.370,13052.073,13048.639,0.0004,0.0004
07.04.2023 00:01:07.420,13052.161000000002,13048.679,0.0004,0.0004
07.04.2023 00:01:07.531,13052.051000000001,13048.637,0.0004,0.0004
07.04.2023 00:01:07.581,13052.071000000002,13048.579,0.0004,0.0004
07.04.2023 00:01:07.691,13051.993,13048.778999999999,0.0004,0.0004
07.04.2023 00:01:07.741,13052.211000000001,13048.778999999999,0.0004,0.0004
07.04.2023 00:01:09.803,13052.253,13049.319,0.0004,0.0004
07.04.2023 00:01:09.853,13052.821000000002,13049.378999999999,0.0004,0.0004
07.04.2023 00:01:09.961,13052.721000000001,13049.327,0.0004,0.0004
07.04.2023 00:01:10.011,13052.781,13049.309,0.0004,0.0004
07.04.2023 00:01:10.123,13052.783000000001,13049.739,0.0004,0.0004
07.04.2023 00:01:10.174,13053.271,13049.719,0.0004,0.0004
07.04.2023 00:01:10.443,13053.193000000001,13049.829,0.0004,0.0004
07.04.2023 00:01:10.494,13053.321000000002,13049.819,0.0004,0.0004
07.04.2023 00:01:10.770,13053.313,13050.079,0.0004,0.0004
07.04.2023 00:01:10.821,13053.491000000002,13050.048999999999,0.0004,0.0004
07.04.2023 00:01:10.980,13053.503,13050.399,0.0004,0.0004
07.04.2023 00:01:11.031,13053.641000000001,13050.188999999998,0.0004,0.0004
07.04.2023 00:01:11.144,13053.501000000002,13050.127,0.0004,0.0004
07.04.2023 00:01:11.195,13053.511,13050.048999999999,0.0004,0.0004
07.04.2023 00:01:12.140,13053.091,13049.618999999999,0.0004,0.0012
07.04.2023 00:01:12.191,13053.031,13049.548999999999,0.0004,0.0004
07.04.2023 00:01:13.108,13052.781,13049.288999999999,0.0004,0.0012
07.04.2023 00:01:13.158,13052.741000000002,13049.288999999999,0.0004,0.0004
07.04.2023 00:01:15.294,13052.713000000002,13049.319,0.0004,0.0004
07.04.2023 00:01:15.344,13052.781,13049.319,0.0004,0.0004
07.04.2023 00:01:15.453,13052.731000000002,13049.269,0.0004,0.0004
07.04.2023 00:01:15.619,13052.743,13049.389,0.0004,0.0004
07.04.2023 00:01:15.669,13052.801000000001,13049.358999999999,0.0004,0.0004
07.04.2023 00:01:15.902,13052.843,13049.548999999999,0.0004,0.0004
07.04.2023 00:01:15.952,13053.071000000002,13049.509,0.0004,0.0004
07.04.2023 00:01:16.062,13052.813,13050.208999999999,0.0004,0.0004
07.04.2023 00:01:16.112,13053.721000000001,13050.259,0.0004,0.0004
07.04.2023 00:01:17.687,13053.621000000001,13050.226999999999,0.0004,0.0004
07.04.2023 00:01:17.738,13053.661000000002,13050.198999999999,0.0004,0.0004
07.04.2023 00:01:18.804,13053.291000000001,13049.778999999999,0.0004,0.0012
07.04.2023 00:01:18.855,13053.191,13049.729,0.0004,0.0004
07.04.2023 00:01:19.532,13053.013,13049.899,0.0004,0.0004
07.04.2023 00:01:19.582,13053.301000000001,13049.868999999999,0.0004,0.0004
07.04.2023 00:01:20.072,13053.231000000002,13049.837,0.0004,0.0004
07.04.2023 00:01:20.122,13053.181,13049.729,0.0004,0.0004
07.04.2023 00:01:20.233,13053.001000000002,13049.798999999999,0.0004,0.0012
07.04.2023 00:01:20.283,13053.081000000002,13049.528999999999,0.0004,0.0004
07.04.2023 00:01:22.883,13053.003,13049.628999999999,0.0004,0.0004
07.04.2023 00:01:22.934,13053.161000000002,13049.688999999998,0.0004,0.0004
07.04.2023 00:01:23.206,13053.093,13049.989,0.0004,0.0004
07.04.2023 00:01:23.256,13053.221000000001,13049.749,0.0004,0.0004
07.04.2023 00:01:23.370,13053.041000000001,13049.787,0.0004,0.0004
07.04.2023 00:01:23.420,13052.981000000002,13049.509,0.0004,0.0004
07.04.2023 00:01:23.848,13053.023000000001,13050.079,0.0004,0.0004
07.04.2023 00:01:23.899,13053.571000000002,13050.028999999999,0.0004,0.0004
07.04.2023 00:01:24.108,13053.321000000002,13050.097,0.0004,0.0004
07.04.2023 00:01:24.158,13053.111,13049.858999999999,0.0004,0.0004
07.04.2023 00:01:24.681,13053.293000000001,13050.089,0.0004,0.0004
07.04.2023 00:01:24.732,13053.541000000001,13050.059,0.0004,0.0004
07.04.2023 00:01:25.496,13053.361,13050.027,0.0004,0.0004
07.04.2023 00:01:25.547,13053.361,13049.839,0.0004,0.0004
07.04.2023 00:01:25.654,13053.141000000001,13049.877,0.0004,0.0004
07.04.2023 00:01:25.705,13053.161000000002,13049.669,0.0004,0.0004
07.04.2023 00:01:25.815,13053.153,13050.079,0.0004,0.0004
07.04.2023 00:01:25.865,13053.581000000002,13050.038999999999,0.0004,0.0004
07.04.2023 00:01:26.376,13053.291000000001,13050.067,0.0004,0.0004
07.04.2023 00:01:26.427,13053.301000000001,13049.878999999999,0.0004,0.0004
07.04.2023 00:01:26.541,13053.101,13049.867,0.0004,0.0004
07.04.2023 00:01:26.591,13053.161000000002,13049.679,0.0004,0.0004
07.04.2023 00:01:26.700,13053.183,13049.729,0.0004,0.0004
07.04.2023 00:01:26.751,13053.261,13049.778999999999,0.0004,0.0004
07.04.2023 00:01:27.340,13053.181,13049.757,0.0004,0.0004
07.04.2023 00:01:27.390,13053.101,13049.708999999999,0.0004,0.0004
07.04.2023 00:01:27.498,13053.153,13049.798999999999,0.0004,0.0004
07.04.2023 00:01:27.549,13053.191,13049.819,0.0004,0.0004
07.04.2023 00:01:28.382,13053.111,13049.817,0.0004,0.0004
07.04.2023 00:01:28.433,13052.901000000002,13049.618999999999,0.0004,0.0004
07.04.2023 00:01:28.543,13052.511,13049.499,0.0004,0.0012
07.04.2023 00:01:28.593,13052.711000000001,13049.278999999999,0.0004,0.0004
07.04.2023 00:01:28.703,13052.513,13049.409,0.0004,0.0004
07.04.2023 00:01:28.753,13052.801000000001,13049.319,0.0004,0.0004
07.04.2023 00:01:28.888,13052.853000000001,13049.599,0.0004,0.0004
07.04.2023 00:01:28.938,13053.071000000002,13049.569,0.0004,0.0004
07.04.2023 00:01:29.048,13052.993,13049.688999999998,0.0004,0.0004
07.04.2023 00:01:29.099,13053.141000000001,13049.698999999999,0.0004,0.0004
07.04.2023 00:01:29.618,13052.781,13049.378999999999,0.0004,0.0012
07.04.2023 00:01:29.669,13052.841,13049.589,0.0004,0.0004
07.04.2023 00:01:29.899,13052.883000000002,13049.599,0.0004,0.0004
07.04.2023 00:01:29.950,13053.011,13049.569,0.0004,0.0004
07.04.2023 00:01:30.616,13052.301000000001,13048.909,0.0004,0.0012
07.04.2023 00:01:30.666,13052.321000000002,13048.899,0.0004,0.0004
07.04.2023 00:01:30.889,13052.353000000001,13049.059,0.0004,0.0004
07.04.2023 00:01:30.939,13052.581000000002,13049.079,0.0004,0.0004
07.04.2023 00:01:31.048,13052.593,13049.309,0.0004,0.0004
07.04.2023 00:01:31.099,13052.701000000001,13049.259,0.0004,0.0004
07.04.2023 00:01:32.090,13052.703000000001,13049.358999999999,0.0004,0.0004
07.04.2023 00:01:32.141,13052.871000000001,13049.409,0.0004,0.0004
07.04.2023 00:01:34.435,13052.863000000001,13049.509,0.0004,0.0004
07.04.2023 00:01:34.486,13053.021,13049.519,0.0004,0.0004
07.04.2023 00:01:34.595,13052.803,13049.999,0.0004,0.0004
07.04.2023 00:01:34.646,13053.281,13049.759,0.0004,0.0004
07.04.2023 00:01:36.135,13052.711000000001,13049.219,0.0004,0.0012
07.04.2023 00:01:36.185,13052.771,13049.309,0.0004,0.0004
07.04.2023 00:01:36.457,13052.591,13049.277,0.0004,0.0004
07.04.2023 00:01:36.507,13052.681,13049.188999999998,0.0004,0.0004
07.04.2023 00:01:36.617,13052.511,13049.177,0.0004,0.0004
07.04.2023 00:01:36.667,13052.541000000001,13049.069,0.0004,0.0004
07.04.2023 00:01:36.789,13052.483,13049.198999999999,0.0004,0.0004
07.04.2023 00:01:36.839,13052.601,13049.118999999999,0.0004,0.0004
07.04.2023 00:01:36.950,13052.663,13049.559,0.0004,0.0004
07.04.2023 00:01:37.000,13053.041000000001,13049.538999999999,0.0004,0.0004
07.04.2023 00:01:38.126,13053.023000000001,13049.688999999998,0.0004,0.0004
07.04.2023 00:01:38.177,13053.131000000001,13049.649,0.0004,0.0004
07.04.2023 00:01:40.155,13053.051000000001,13049.687,0.0004,0.0004
07.04.2023 00:01:40.206,13053.031,13049.599,0.0004,0.0004
07.04.2023 00:01:40.320,13053.003,13049.798999999999,0.0004,0.0004
07.04.2023 00:01:40.370,13053.251000000002,13049.749,0.0004,0.0004
07.04.2023 00:01:40.562,13053.091,13049.747,0.0004,0.0004
07.04.2023 00:01:40.612,13053.151000000002,13049.628999999999,0.0004,0.0004
07.04.2023 00:01:40.710,13052.721000000001,13049.269,0.0004,0.0012
07.04.2023 00:01:40.761,13052.761,13049.309,0.0004,0.0004
07.04.2023 00:01:41.354,13052.591,13049.208999999999,0.0004,0.0004
07.04.2023 00:01:41.510,13052.663,13049.548999999999,0.0004,0.0004
07.04.2023 00:01:41.560,13052.991000000002,13049.569,0.0004,0.0004
07.04.2023 00:01:41.992,13053.023000000001,13049.778999999999,0.0004,0.0004
07.04.2023 00:01:42.042,13053.271,13049.719,0.0004,0.0004
07.04.2023 00:01:43.305,13053.203000000001,13050.399,0.0004,0.0004
07.04.2023 00:01:43.355,13053.841,13050.389,0.0004,0.0004
07.04.2023 00:01:43.511,13053.873000000001,13050.559,0.0004,0.0004
07.04.2023 00:01:43.562,13054.031,13050.618999999999,0.0004,0.0004
07.04.2023 00:01:43.672,13053.801000000001,13050.577,0.0004,0.0004
07.04.2023 00:01:43.722,13053.821000000002,13050.319,0.0004,0.0004
07.04.2023 00:01:44.217,13053.613000000001,13050.528999999999,0.0004,0.0004
07.04.2023 00:01:44.268,13054.041000000001,13050.618999999999,0.0004,0.0004
07.04.2023 00:01:44.380,13053.821000000002,13050.399,0.0004,0.0012
07.04.2023 00:01:44.430,13053.601,13050.368999999999,0.0004,0.0004
07.04.2023 00:01:44.910,13053.833,13050.788999999999,0.0004,0.0004
07.04.2023 00:01:44.960,13054.051000000001,13050.599,0.0004,0.0004
07.04.2023 00:01:45.484,13053.983,13050.659,0.0004,0.0004
07.04.2023 00:01:45.535,13054.121000000001,13050.618999999999,0.0004,0.0004
07.04.2023 00:01:45.884,13053.991000000002,13050.687,0.0004,0.0004
07.04.2023 00:01:45.934,13054.081000000002,13050.579,0.0004,0.0004
07.04.2023 00:01:46.042,13053.821000000002,13050.527,0.0004,0.0004
07.04.2023 00:01:46.093,13053.851,13050.389,0.0004,0.0004
07.04.2023 00:01:46.448,13053.701000000001,13050.337,0.0004,0.0004
07.04.2023 00:01:46.498,13053.721000000001,13050.278999999999,0.0004,0.0004
07.04.2023 00:01:46.674,13053.773000000001,13050.399,0.0004,0.0004
07.04.2023 00:01:46.724,13053.881000000001,13050.349,0.0004,0.0004
07.04.2023 00:01:46.834,13053.781,13050.377,0.0004,0.0004
07.04.2023 00:01:46.885,13053.721000000001,13050.489,0.0004,0.0004
07.04.2023 00:01:47.089,13053.671000000002,13050.307,0.0004,0.0004
07.04.2023 00:01:47.139,13053.411000000002,13050.139,0.0004,0.0004
07.04.2023 00:01:50.116,13053.551000000001,13050.137,0.0004,0.0004
07.04.2023 00:01:50.167,13053.571000000002,13050.288999999999,0.0004,0.0004
07.04.2023 00:01:54.391,13053.311000000002,13050.047,0.0004,0.0004
07.04.2023 00:01:54.442,13053.301000000001,13049.909,0.0004,0.0004
07.04.2023 00:01:54.553,13053.373000000001,13050.019,0.0004,0.0004
07.04.2023 00:01:54.603,13053.511,13050.019,0.0004,0.0004
07.04.2023 00:01:58.769,13053.303,13050.519,0.0004,0.0004
07.04.2023 00:01:58.820,13053.991000000002,13050.538999999999,0.0004,0.0004
07.04.2023 00:02:00.705,13053.531,13050.048999999999,0.0004,0.0012
07.04.2023 00:02:00.755,13053.501000000002,13050.079,0.0004,0.0004
07.04.2023 00:02:00.865,13053.303,13050.219,0.0004,0.0004
07.04.2023 00:02:00.915,13053.761,13050.239,0.0004,0.0004
07.04.2023 00:02:01.022,13053.733,13050.378999999999,0.0004,0.0004
07.04.2023 00:02:01.072,13053.781,13050.389,0.0004,0.0004
07.04.2023 00:02:01.921,13053.721000000001,13050.396999999999,0.0004,0.0004
07.04.2023 00:02:01.971,13053.781,13050.219,0.0004,0.0004
07.04.2023 00:02:02.727,13053.763,13050.339,0.0004,0.0004
07.04.2023 00:02:02.777,13053.601,13050.378999999999,0.0004,0.0004
07.04.2023 00:02:03.277,13053.813,13050.608999999999,0.0004,0.0004
07.04.2023 00:02:03.328,13054.071000000002,13050.519,0.0004,0.0004
07.04.2023 00:02:03.437,13054.091,13050.649,0.0004,0.0004
07.04.2023 00:02:04.173,13054.071000000002,13050.509,0.0004,0.0004
07.04.2023 00:02:04.923,13054.073,13050.679,0.0004,0.0004
07.04.2023 00:02:04.973,13054.101,13050.669,0.0004,0.0004
07.04.2023 00:02:05.083,13054.001000000002,13050.657,0.0004,0.0004
07.04.2023 00:02:05.134,13054.071000000002,13050.608999999999,0.0004,0.0004
07.04.2023 00:02:06.113,13053.881000000001,13050.409,0.0004,0.0012
07.04.2023 00:02:06.164,13053.821000000002,13050.389,0.0004,0.0004
07.04.2023 00:02:06.273,13053.803,13050.519,0.0004,0.0004
07.04.2023 00:02:06.323,13053.991000000002,13050.559,0.0004,0.0004
07.04.2023 00:02:06.631,13054.361,13050.868999999999,0.0004,0.0004
07.04.2023 00:02:06.790,13054.343,13051.019,0.0004,0.0004
07.04.2023 00:02:06.841,13054.571000000002,13051.099,0.0004,0.0004
07.04.2023 00:02:06.949,13054.291000000001,13051.089,0.0004,0.0012
07.04.2023 00:02:07.000,13054.311000000002,13050.829,0.0004,0.0004
07.04.2023 00:02:07.275,13054.191,13050.857,0.0004,0.0004
07.04.2023 00:02:07.325,13054.221000000001,13050.989,0.0004,0.0004
07.04.2023 00:02:07.429,13054.111,13050.707,0.0004,0.0004
07.04.2023 00:02:07.480,13054.111,13050.708999999999,0.0004,0.0004
07.04.2023 00:02:07.588,13054.143,13050.788999999999,0.0004,0.0004
07.04.2023 00:02:07.638,13054.211000000001,13050.809,0.0004,0.0004
07.04.2023 00:02:08.235,13054.081000000002,13050.787,0.0004,0.0004
07.04.2023 00:02:08.285,13054.081000000002,13050.528999999999,0.0004,0.0004
07.04.2023 00:02:08.946,13054.013,13050.708999999999,0.0004,0.0004
07.04.2023 00:02:08.996,13054.181,13050.649,0.0004,0.0004
07.04.2023 00:02:09.915,13054.093,13050.769,0.0004,0.0004
07.04.2023 00:02:09.965,13054.281,13050.819,0.0004,0.0004
07.04.2023 00:02:10.073,13054.243,13050.899,0.0004,0.0004
07.04.2023 00:02:10.123,13054.281,13050.858999999999,0.0004,0.0004
07.04.2023 00:02:10.425,13053.541000000001,13050.028999999999,0.0004,0.0012
07.04.2023 00:02:10.475,13053.491000000002,13050.069,0.0004,0.0004
07.04.2023 00:02:12.189,13053.081000000002,13049.559,0.0004,0.0012
07.04.2023 00:02:12.239,13053.001000000002,13049.589,0.0004,0.0004
07.04.2023 00:02:12.509,13053.073,13049.759,0.0004,0.0004
07.04.2023 00:02:12.559,13053.281,13049.719,0.0004,0.0004
07.04.2023 00:02:12.943,13053.131000000001,13049.707,0.0004,0.0004
07.04.2023 00:02:12.993,13053.131000000001,13049.708999999999,0.0004,0.0004
07.04.2023 00:02:13.104,13052.821000000002,13049.399,0.0004,0.0012
07.04.2023 00:02:13.155,13052.611,13049.409,0.0004,0.0004
07.04.2023 00:02:13.423,13052.853000000001,13049.708999999999,0.0004,0.0004
07.04.2023 00:02:13.474,13053.221000000001,13049.769,0.0004,0.0004
07.04.2023 00:02:13.743,13052.801000000001,13049.798999999999,0.0004,0.0012
07.04.2023 00:02:13.793,13053.051000000001,13049.548999999999,0.0004,0.0004
07.04.2023 00:02:13.904,13053.083,13049.649,0.0004,0.0004
07.04.2023 00:02:13.955,13053.151000000002,13049.679,0.0004,0.0004
07.04.2023 00:02:14.062,13053.143,13049.759,0.0004,0.0004
07.04.2023 00:02:14.113,13053.281,13049.729,0.0004,0.0004
07.04.2023 00:02:15.075,13053.121000000001,13049.757,0.0004,0.0004
07.04.2023 00:02:15.126,13053.111,13049.618999999999,0.0004,0.0004
07.04.2023 00:02:15.324,13053.093,13049.729,0.0004,0.0004
07.04.2023 00:02:15.375,13053.291000000001,13049.759,0.0004,0.0004
07.04.2023 00:02:16.198,13053.263,13050.259,0.0004,0.0004
07.04.2023 00:02:16.249,13053.711000000001,13050.249,0.0004,0.0004
07.04.2023 00:02:17.075,13053.621000000001,13050.277,0.0004,0.0004
07.04.2023 00:02:17.125,13053.651000000002,13050.139,0.0004,0.0004
07.04.2023 00:02:17.235,13053.231000000002,13049.739,0.0004,0.0012
07.04.2023 00:02:17.286,13053.261,13049.769,0.0004,0.0004
07.04.2023 00:02:17.639,13053.283000000001,13049.868999999999,0.0004,0.0004
07.04.2023 00:02:17.690,13053.371000000001,13049.868999999999,0.0004,0.0004
07.04.2023 00:02:18.219,13053.313,13050.288999999999,0.0004,0.0004
07.04.2023 00:02:18.269,13053.511,13050.028999999999,0.0004,0.0004
07.04.2023 00:02:18.486,13053.513,13050.208999999999,0.0004,0.0004
07.04.2023 00:02:18.536,13053.611,13050.149,0.0004,0.0004
07.04.2023 00:02:18.647,13053.391000000001,13049.858999999999,0.0004,0.0012
07.04.2023 00:02:18.698,13053.321000000002,13049.858999999999,0.0004,0.0004
07.04.2023 00:02:19.061,13053.271,13049.857,0.0004,0.0004
07.04.2023 00:02:19.112,13053.271,13049.788999999999,0.0004,0.0004
07.04.2023 00:02:19.384,13053.233,13049.819,0.0004,0.0004
07.04.2023 00:02:19.434,13053.291000000001,13049.829,0.0004,0.0004
07.04.2023 00:02:19.735,13053.261,13049.877,0.0004,0.0004
07.04.2023 00:02:19.785,13053.241000000002,13049.708999999999,0.0004,0.0004
07.04.2023 00:02:19.991,13053.263,13049.909,0.0004,0.0004
07.04.2023 00:02:20.041,13053.301000000001,13049.919,0.0004,0.0004
07.04.2023 00:02:20.305,13053.271,13049.877,0.0004,0.0004
07.04.2023 00:02:20.355,13053.211000000001,13049.719,0.0004,0.0004
07.04.2023 00:02:20.468,13053.223,13049.819,0.0004,0.0004
07.04.2023 00:02:20.518,13053.371000000001,13049.889,0.0004,0.0004
07.04.2023 00:02:21.238,13053.283000000001,13050.009,0.0004,0.0004
07.04.2023 00:02:21.288,13053.491000000002,13050.009,0.0004,0.0004
07.04.2023 00:02:22.097,13053.301000000001,13050.057,0.0004,0.0004
07.04.2023 00:02:22.147,13053.311000000002,13049.899,0.0004,0.0004
07.04.2023 00:02:23.588,13053.211000000001,13049.907,0.0004,0.0004
07.04.2023 00:02:23.638,13053.181,13049.729,0.0004,0.0004
07.04.2023 00:02:23.749,13053.203000000001,13049.829,0.0004,0.0004
07.04.2023 00:02:23.799,13053.111,13049.858999999999,0.0004,0.0004
07.04.2023 00:02:24.484,13053.011,13049.847,0.0004,0.0004
07.04.2023 00:02:24.534,13053.231000000002,13049.708999999999,0.0004,0.0004
07.04.2023 00:02:26.803,13053.161000000002,13049.777,0.0004,0.0004
07.04.2023 00:02:26.853,13053.171000000002,13049.669,0.0004,0.0004
07.04.2023 00:02:27.520,13053.081000000002,13049.637,0.0004,0.0004
07.04.2023 00:02:27.571,13052.811000000002,13049.538999999999,0.0004,0.0004
07.04.2023 00:02:28.676,13052.993,13049.778999999999,0.0004,0.0004
07.04.2023 00:02:28.726,13053.261,13049.809,0.0004,0.0004
07.04.2023 00:02:28.996,13053.203000000001,13049.819,0.0004,0.0004
07.04.2023 00:02:29.046,13053.351,13049.909,0.0004,0.0004
07.04.2023 00:02:29.159,13053.103000000001,13050.048999999999,0.0004,0.0004
07.04.2023 00:02:29.210,13053.511,13050.079,0.0004,0.0004
07.04.2023 00:02:29.328,13053.371000000001,13050.089,0.0004,0.0012
07.04.2023 00:02:29.379,13053.351,13049.858999999999,0.0004,0.0004
07.04.2023 00:02:32.540,13053.293000000001,13050.038999999999,0.0004,0.0004
07.04.2023 00:02:32.590,13053.491000000002,13050.288999999999,0.0004,0.0004
07.04.2023 00:02:32.699,13053.523000000001,13050.278999999999,0.0004,0.0004
07.04.2023 00:02:32.750,13053.681,13050.278999999999,0.0004,0.0004
07.04.2023 00:02:36.102,13053.763,13050.569,0.0004,0.0004
07.04.2023 00:02:36.153,13053.801000000001,13050.589,0.0004,0.0004
07.04.2023 00:02:38.325,13053.983,13051.069,0.0004,0.0004
07.04.2023 00:02:38.375,13054.301000000001,13051.028999999999,0.0004,0.0004
07.04.2023 00:02:39.342,13054.161000000002,13050.649,0.0004,0.0012
07.04.2023 00:02:39.392,13054.161000000002,13050.698999999999,0.0004,0.0004
07.04.2023 00:02:39.502,13054.083,13050.858999999999,0.0004,0.0004
07.04.2023 00:02:39.553,13054.391000000001,13050.909,0.0004,0.0004
07.04.2023 00:02:39.857,13054.251000000002,13050.989,0.0004,0.0012
07.04.2023 00:02:39.908,13054.241000000002,13050.759,0.0004,0.0004
07.04.2023 00:02:40.020,13054.141000000001,13050.707,0.0004,0.0004
07.04.2023 00:02:40.070,13054.081000000002,13050.618999999999,0.0004,0.0004
07.04.2023 00:02:40.311,13053.903,13050.749,0.0004,0.0004
07.04.2023 00:02:40.361,13054.221000000001,13050.809,0.0004,0.0004
07.04.2023 00:02:41.193,13054.013,13051.079,0.0004,0.0004
07.04.2023 00:02:41.244,13054.581000000002,13051.009,0.0004,0.0004
07.04.2023 00:02:41.773,13054.251000000002,13050.798999999999,0.0004,0.0012
07.04.2023 00:02:41.823,13054.011,13050.819,0.0004,0.0004
07.04.2023 00:02:42.420,13054.193000000001,13051.019,0.0004,0.0004
07.04.2023 00:02:42.470,13054.481000000002,13051.108999999999,0.0004,0.0004
07.04.2023 00:02:44.096,13054.291000000001,13051.047,0.0004,0.0004
07.04.2023 00:02:44.146,13054.361,13050.839,0.0004,0.0004
07.04.2023 00:02:44.252,13054.231000000002,13050.877,0.0004,0.0004
07.04.2023 00:02:44.303,13054.271,13050.989,0.0004,0.0004
07.04.2023 00:02:46.003,13054.283000000001,13050.839,0.0004,0.0004
07.04.2023 00:02:46.053,13054.321000000002,13050.819,0.0004,0.0004
07.04.2023 00:02:46.196,13054.271,13050.877,0.0004,0.0004
07.04.2023 00:02:46.246,13054.231000000002,13050.759,0.0004,0.0004
07.04.2023 00:02:46.358,13054.213000000002,13050.819,0.0004,0.0004
07.04.2023 00:02:46.408,13054.381000000001,13050.829,0.0004,0.0004
07.04.2023 00:02:46.521,13054.181,13050.917,0.0004,0.0004
07.04.2023 00:02:46.571,13054.251000000002,13050.788999999999,0.0004,0.0004
07.04.2023 00:02:46.925,13054.273000000001,13051.028999999999,0.0004,0.0004
07.04.2023 00:02:46.976,13054.501000000002,13051.079,0.0004,0.0004
07.04.2023 00:02:47.085,13054.291000000001,13051.017,0.0004,0.0004
07.04.2023 00:02:47.136,13054.301000000001,13050.899,0.0004,0.0004
07.04.2023 00:02:47.245,13054.313,13051.089,0.0004,0.0004
07.04.2023 00:02:47.295,13054.511,13051.048999999999,0.0004,0.0004
07.04.2023 00:02:49.583,13054.261,13050.798999999999,0.0004,0.0012
07.04.2023 00:02:49.633,13054.211000000001,13050.739,0.0004,0.0004
07.04.2023 00:02:53.697,13054.051000000001,13050.589,0.0004,0.0012
07.04.2023 00:02:53.748,13054.001000000002,13050.569,0.0004,0.0004
07.04.2023 00:02:53.904,13054.043000000001,13050.889,0.0004,0.0004
07.04.2023 00:02:53.954,13054.161000000002,13050.608999999999,0.0004,0.0004
07.04.2023 00:02:54.059,13054.173,13051.288999999999,0.0004,0.0004
07.04.2023 00:02:54.110,13054.581000000002,13051.028999999999,0.0004,0.0004
07.04.2023 00:02:54.221,13054.361,13050.909,0.0004,0.0012
07.04.2023 00:02:54.271,13054.361,13050.858999999999,0.0004,0.0004
07.04.2023 00:02:54.630,13054.383000000002,13051.069,0.0004,0.0004
07.04.2023 00:02:54.680,13054.301000000001,13051.059,0.0004,0.0004
07.04.2023 00:02:56.371,13054.303,13051.608999999999,0.0004,0.0004
07.04.2023 00:02:56.421,13055.021,13051.608999999999,0.0004,0.0004
07.04.2023 00:02:56.535,13054.993,13051.899,0.0004,0.0004
07.04.2023 00:02:56.585,13055.161000000002,13051.628999999999,0.0004,0.0004
07.04.2023 00:02:56.693,13055.081000000002,13051.707,0.0004,0.0004
07.04.2023 00:02:56.744,13055.041000000001,13051.548999999999,0.0004,0.0004
07.04.2023 00:02:56.851,13054.791000000001,13051.229,0.0004,0.0012
07.04.2023 00:02:56.902,13054.721000000001,13051.219,0.0004,0.0004
07.04.2023 00:02:57.016,13054.693000000001,13051.528999999999,0.0004,0.0004
07.04.2023 00:02:57.067,13055.011,13051.579,0.0004,0.0004
07.04.2023 00:02:57.175,13054.731000000002,13051.219,0.0004,0.0012
07.04.2023 00:02:57.225,13054.721000000001,13051.269,0.0004,0.0004
07.04.2023 00:02:57.333,13055.001000000002,13051.569,0.0004,0.0004
07.04.2023 00:02:58.173,13055.073,13051.618999999999,0.0004,0.0004
07.04.2023 00:02:58.223,13055.151000000002,13051.608999999999,0.0004,0.0004
07.04.2023 00:02:59.937,13054.781,13051.259,0.0004,0.0012
07.04.2023 00:02:59.988,13054.781,13051.499,0.0004,0.0004
07.04.2023 00:03:00.807,13054.351,13050.858999999999,0.0004,0.0012
07.04.2023 00:03:00.858,13054.321000000002,13050.809,0.0004,0.0004
07.04.2023 00:03:01.619,13054.303,13051.298999999999,0.0004,0.0004
07.04.2023 00:03:01.669,13054.551000000001,13051.099,0.0004,0.0004
07.04.2023 00:03:01.786,13054.513,13051.208999999999,0.0004,0.0004
07.04.2023 00:03:01.836,13054.651000000002,13051.399,0.0004,0.0004
07.04.2023 00:03:01.993,13054.531,13051.217,0.0004,0.0004
07.04.2023 00:03:02.044,13054.591,13051.069,0.0004,0.0004
07.04.2023 00:03:02.155,13054.573,13051.288999999999,0.0004,0.0004
07.04.2023 00:03:02.205,13054.771,13051.309,0.0004,0.0004
07.04.2023 00:03:03.035,13054.591,13051.297,0.0004,0.0004
07.04.2023 00:03:03.085,13054.641000000001,13051.179,0.0004,0.0004
07.04.2023 00:03:03.205,13054.683,13051.319,0.0004,0.0004
07.04.2023 00:03:03.255,13054.751000000002,13051.288999999999,0.0004,0.0004
07.04.2023 00:03:04.141,13054.733,13051.548999999999,0.0004,0.0004
07.04.2023 00:03:04.192,13055.061000000002,13051.599,0.0004,0.0004
07.04.2023 00:03:04.534,13054.801000000001,13051.517,0.0004,0.0004
07.04.2023 00:03:04.584,13054.851,13051.368999999999,0.0004,0.0004
07.04.2023 00:03:04.691,13054.813,13051.608999999999,0.0004,0.0004
07.04.2023 00:03:04.741,13055.191,13051.708999999999,0.0004,0.0004
07.04.2023 00:03:04.855,13055.081000000002,13051.798999999999,0.0004,0.0012
07.04.2023 00:03:04.906,13055.011,13051.569,0.0004,0.0004
07.04.2023 00:03:05.165,13054.851,13051.527,0.0004,0.0004
07.04.2023 00:03:05.215,13054.881000000001,13051.399,0.0004,0.0004
07.04.2023 00:03:05.325,13054.761,13051.357,0.0004,0.0004
07.04.2023 00:03:05.376,13054.711000000001,13051.288999999999,0.0004,0.0004
07.04.2023 00:03:05.486,13054.703000000001,13051.399,0.0004,0.0004
07.04.2023 00:03:05.536,13054.811000000002,13051.309,0.0004,0.0004
07.04.2023 00:03:05.645,13054.781,13051.407,0.0004,0.0004
07.04.2023 00:03:05.696,13054.701000000001,13051.298999999999,0.0004,0.0004
07.04.2023 00:03:05.805,13054.551000000001,13051.237,0.0004,0.0004
07.04.2023 00:03:05.856,13054.531,13051.028999999999,0.0004,0.0004
07.04.2023 00:03:06.988,13053.721000000001,13050.269,0.0004,0.0012
07.04.2023 00:03:07.039,13053.741000000002,13050.239,0.0004,0.0004
07.04.2023 00:03:08.146,13053.671000000002,13050.389,0.0004,0.0012
07.04.2023 00:03:08.196,13053.661000000002,13050.149,0.0004,0.0004
07.04.2023 00:03:08.308,13053.501000000002,13050.157,0.0004,0.0004
07.04.2023 00:03:08.358,13053.551000000001,13050.048999999999,0.0004,0.0004
07.04.2023 00:03:08.466,13053.543000000001,13050.159,0.0004,0.0004
07.04.2023 00:03:08.516,13053.661000000002,13050.128999999999,0.0004,0.0004
07.04.2023 00:03:08.625,13053.623000000001,13050.229,0.0004,0.0004
07.04.2023 00:03:08.676,13053.781,13050.298999999999,0.0004,0.0004
07.04.2023 00:03:10.743,13053.611,13050.297,0.0004,0.0004
07.04.2023 00:03:10.793,13053.671000000002,13050.139,0.0004,0.0004
07.04.2023 00:03:11.083,13053.653,13050.259,0.0004,0.0004
07.04.2023 00:03:11.134,13053.701000000001,13050.219,0.0004,0.0004
07.04.2023 00:03:11.246,13053.691,13050.287,0.0004,0.0004
07.04.2023 00:03:11.297,13053.681,13050.108999999999,0.0004,0.0004
07.04.2023 00:03:11.404,13053.603000000001,13050.219,0.0004,0.0004
07.04.2023 00:03:11.455,13053.691,13050.229,0.0004,0.0004
07.04.2023 00:03:12.971,13053.601,13050.287,0.0004,0.0004
07.04.2023 00:03:13.021,13053.691,13050.179,0.0004,0.0004
07.04.2023 00:03:15.446,13053.633000000002,13050.319,0.0004,0.0004
07.04.2023 00:03:15.496,13053.881000000001,13050.389,0.0004,0.0004
07.04.2023 00:03:15.685,13053.843,13050.618999999999,0.0004,0.0004
07.04.2023 00:03:15.735,13054.071000000002,13050.579,0.0004,0.0004
07.04.2023 00:03:15.848,13054.063,13051.099,0.0004,0.0004
07.04.2023 00:03:15.898,13054.331000000002,13050.829,0.0004,0.0004
07.04.2023 00:03:16.092,13054.323,13051.099,0.0004,0.0004
07.04.2023 00:03:16.142,13054.551000000001,13051.118999999999,0.0004,0.0004
07.04.2023 00:03:16.250,13054.391000000001,13051.057,0.0004,0.0004
07.04.2023 00:03:16.301,13054.291000000001,13051.089,0.0004,0.0004
07.04.2023 00:03:17.403,13054.293000000001,13051.059,0.0004,0.0004
07.04.2023 00:03:17.454,13054.571000000002,13051.089,0.0004,0.0004
07.04.2023 00:03:19.002,13054.101,13051.089,0.0004,0.0012
07.04.2023 00:03:19.052,13054.381000000001,13050.819,0.0004,0.0004
07.04.2023 00:03:19.161,13054.091,13050.899,0.0004,0.0012
07.04.2023 00:03:19.212,13054.111,13050.679,0.0004,0.0004
07.04.2023 00:03:19.646,13054.103000000001,13050.819,0.0004,0.0004
07.04.2023 00:03:19.696,13054.251000000002,13050.749,0.0004,0.0004
07.04.2023 00:03:19.970,13054.203000000001,13051.028999999999,0.0004,0.0004
07.04.2023 00:03:20.020,13054.581000000002,13051.069,0.0004,0.0004
07.04.2023 00:03:22.435,13054.291000000001,13050.759,0.0004,0.0012
07.04.2023 00:03:22.485,13054.011,13050.719,0.0004,0.0004
07.04.2023 00:03:22.790,13054.013,13050.858999999999,0.0004,0.0004
07.04.2023 00:03:22.841,13054.351,13051.099,0.0004,0.0004
07.04.2023 00:03:23.298,13053.991000000002,13050.608999999999,0.0004,0.0012
07.04.2023 00:03:23.348,13054.071000000002,13050.798999999999,0.0004,0.0004
07.04.2023 00:03:29.245,13053.511,13050.298999999999,0.0004,0.0012
07.04.2023 00:03:29.295,13053.771,13050.319,0.0004,0.0004
07.04.2023 00:03:29.832,13053.401000000002,13050.297,0.0004,0.0004
07.04.2023 00:03:29.882,13053.631000000001,13050.399,0.0004,0.0004
07.04.2023 00:03:30.089,13053.663,13050.319,0.0004,0.0004
07.04.2023 00:03:30.139,13053.721000000001,13050.269,0.0004,0.0004
07.04.2023 00:03:31.755,13053.651000000002,13050.277,0.0004,0.0004
07.04.2023 00:03:31.806,13053.591,13050.149,0.0004,0.0004
07.04.2023 00:03:31.916,13053.673,13050.309,0.0004,0.0004
07.04.2023 00:03:31.967,13053.751000000002,13050.278999999999,0.0004,0.0004
07.04.2023 00:03:34.506,13053.661000000002,13050.217,0.0004,0.0004
07.04.2023 00:03:34.557,13053.661000000002,13050.159,0.0004,0.0004
07.04.2023 00:03:34.621,13053.413,13050.269,0.0004,0.0004
07.04.2023 00:03:34.672,13053.691,13050.219,0.0004,0.0004
07.04.2023 00:03:37.809,13053.693000000001,13050.839,0.0004,0.0004
07.04.2023 00:03:37.859,13054.391000000001,13050.878999999999,0.0004,0.0004
07.04.2023 00:03:37.968,13054.181,13050.867,0.0004,0.0004
07.04.2023 00:03:38.018,13054.271,13050.759,0.0004,0.0004
07.04.2023 00:03:38.127,13054.151000000002,13050.797,0.0004,0.0004
07.04.2023 00:03:38.177,13054.171000000002,13050.639,0.0004,0.0004
07.04.2023 00:03:38.807,13054.113000000001,13050.788999999999,0.0004,0.0004
07.04.2023 00:03:38.857,13054.191,13050.769,0.0004,0.0004
07.04.2023 00:03:39.384,13054.071000000002,13050.737,0.0004,0.0004
07.04.2023 00:03:39.435,13054.011,13050.569,0.0004,0.0004
07.04.2023 00:03:44.060,13054.033000000001,13050.659,0.0004,0.0004
07.04.2023 00:03:44.111,13054.111,13050.608999999999,0.0004,0.0004
07.04.2023 00:03:45.214,13054.133000000002,13050.819,0.0004,0.0004
07.04.2023 00:03:45.265,13054.201000000001,13050.778999999999,0.0004,0.0004
07.04.2023 00:03:45.373,13054.171000000002,13050.787,0.0004,0.0004
07.04.2023 00:03:45.424,13054.121000000001,13050.679,0.0004,0.0004
07.04.2023 00:03:48.031,13054.103000000001,13050.798999999999,0.0004,0.0004
07.04.2023 00:03:48.082,13054.001000000002,13050.719,0.0004,0.0004
07.04.2023 00:03:48.190,13054.101,13050.717,0.0004,0.0004
07.04.2023 00:03:48.241,13054.151000000002,13050.649,0.0004,0.0004
07.04.2023 00:03:50.114,13054.163,13050.739,0.0004,0.0004
07.04.2023 00:03:50.165,13054.201000000001,13050.749,0.0004,0.0004
07.04.2023 00:03:52.737,13054.141000000001,13050.707,0.0004,0.0004
07.04.2023 00:03:52.788,13054.091,13050.679,0.0004,0.0004
07.04.2023 00:03:52.896,13054.091,13050.687,0.0004,0.0004
07.04.2023 00:03:52.947,13054.081000000002,13050.589,0.0004,0.0004
07.04.2023 00:03:54.467,13054.043000000001,13050.679,0.0004,0.0004
07.04.2023 00:03:54.517,13054.101,13050.708999999999,0.0004,0.0004
07.04.2023 00:03:54.628,13054.163,13050.769,0.0004,0.0004
07.04.2023 00:03:54.678,13054.211000000001,13050.759,0.0004,0.0004
07.04.2023 00:03:56.959,13054.283000000001,13051.108999999999,0.0004,0.0004
07.04.2023 00:03:57.009,13054.481000000002,13051.089,0.0004,0.0004
07.04.2023 00:03:57.429,13054.221000000001,13050.749,0.0004,0.0012
07.04.2023 00:03:57.479,13054.241000000002,13050.759,0.0004,0.0004
07.04.2023 00:03:57.904,13054.213000000002,13051.099,0.0004,0.0004
07.04.2023 00:03:57.955,13054.511,13051.288999999999,0.0004,0.0004
07.04.2023 00:04:00.172,13054.503,13051.169,0.0004,0.0004
07.04.2023 00:04:00.222,13054.631000000001,13051.179,0.0004,0.0004
07.04.2023 00:04:00.328,13054.021,13050.599,0.0004,0.0012
07.04.2023 00:04:00.379,13053.811000000002,13050.788999999999,0.0004,0.0004
07.04.2023 00:04:00.804,13054.083,13050.788999999999,0.0004,0.0004
07.04.2023 00:04:00.855,13054.281,13050.809,0.0004,0.0004
07.04.2023 00:04:02.700,13054.021,13050.788999999999,0.0004,0.0012
07.04.2023 00:04:02.750,13054.061000000002,13050.788999999999,0.0004,0.0004
07.04.2023 00:04:10.595,13053.871000000001,13050.599,0.0004,0.0012
07.04.2023 00:04:10.645,13053.871000000001,13050.399,0.0004,0.0004
07.04.2023 00:04:10.753,13053.843,13050.589,0.0004,0.0004
07.04.2023 00:04:10.803,13053.991000000002,13050.559,0.0004,0.0004
07.04.2023 00:04:10.913,13053.811000000002,13050.587,0.0004,0.0004
07.04.2023 00:04:10.963,13053.871000000001,13050.409,0.0004,0.0004
07.04.2023 00:04:11.075,13053.843,13050.548999999999,0.0004,0.0004
07.04.2023 00:04:11.126,13054.041000000001,13050.569,0.0004,0.0004
07.04.2023 00:04:11.240,13053.791000000001,13050.577,0.0004,0.0004
07.04.2023 00:04:11.291,13053.891000000001,13050.319,0.0004,0.0004
07.04.2023 00:04:11.473,13053.791000000001,13050.327,0.0004,0.0004
07.04.2023 00:04:11.523,13053.511,13050.278999999999,0.0004,0.0004
07.04.2023 00:04:11.630,13053.581000000002,13050.217,0.0004,0.0004
07.04.2023 00:04:11.681,13053.591,13050.108999999999,0.0004,0.0004
07.04.2023 00:04:12.365,13053.563,13050.278999999999,0.0004,0.0004
07.04.2023 00:04:12.415,13053.701000000001,13050.259,0.0004,0.0004
07.04.2023 00:04:15.241,13053.703000000001,13050.509,0.0004,0.0004
07.04.2023 00:04:15.291,13054.011,13050.538999999999,0.0004,0.0004
07.04.2023 00:04:17.970,13053.803,13050.669,0.0004,0.0004
07.04.2023 00:04:18.021,13054.121000000001,13050.628999999999,0.0004,0.0004
07.04.2023 00:04:18.206,13054.011,13050.687,0.0004,0.0004
07.04.2023 00:04:18.256,13054.071000000002,13050.519,0.0004,0.0004
07.04.2023 00:04:19.133,13053.311000000002,13050.108999999999,0.0004,0.0012
07.04.2023 00:04:19.184,13053.311000000002,13050.089,0.0004,0.0004
07.04.2023 00:04:20.452,13053.011,13049.769,0.0004,0.0012
07.04.2023 00:04:20.502,13053.291000000001,13049.798999999999,0.0004,0.0004
07.04.2023 00:04:20.610,13053.233,13050.108999999999,0.0004,0.0004
07.04.2023 00:04:20.661,13053.531,13050.298999999999,0.0004,0.0004
07.04.2023 00:04:21.076,13053.523000000001,13050.288999999999,0.0004,0.0004
07.04.2023 00:04:21.127,13053.781,13050.489,0.0004,0.0004
07.04.2023 00:04:21.424,13053.743,13050.329,0.0004,0.0004
07.04.2023 00:04:21.475,13053.831000000002,13050.368999999999,0.0004,0.0004
07.04.2023 00:04:21.939,13053.813,13050.548999999999,0.0004,0.0004
07.04.2023 00:04:21.990,13054.001000000002,13050.599,0.0004,0.0004
07.04.2023 00:04:26.400,13053.983,13051.048999999999,0.0004,0.0004
07.04.2023 00:04:26.450,13054.501000000002,13051.089,0.0004,0.0004
07.04.2023 00:04:28.586,13054.281,13050.788999999999,0.0004,0.0012
07.04.2023 00:04:28.637,13054.261,13050.719,0.0004,0.0004
07.04.2023 00:04:28.743,13054.071000000002,13050.726999999999,0.0004,0.0004
07.04.2023 00:04:28.794,13054.041000000001,13050.608999999999,0.0004,0.0004
07.04.2023 00:04:30.917,13053.983,13050.889,0.0004,0.0004
07.04.2023 00:04:30.967,13054.131000000001,13050.708999999999,0.0004,0.0004
07.04.2023 00:04:31.074,13054.103000000001,13050.778999999999,0.0004,0.0004
07.04.2023 00:04:31.125,13054.241000000002,13050.809,0.0004,0.0004
07.04.2023 00:04:32.663,13054.191,13050.777,0.0004,0.0004
07.04.2023 00:04:32.714,13054.191,13050.659,0.0004,0.0004
07.04.2023 00:04:32.824,13054.071000000002,13050.687,0.0004,0.0004
07.04.2023 00:04:32.875,13054.021,13050.528999999999,0.0004,0.0004
07.04.2023 00:04:32.985,13053.861,13050.597,0.0004,0.0004
07.04.2023 00:04:33.036,13053.801000000001,13050.349,0.0004,0.0004
07.04.2023 00:04:33.143,13053.501000000002,13050.327,0.0004,0.0004
07.04.2023 00:04:33.193,13053.681,13050.489,0.0004,0.0004
07.04.2023 00:04:33.694,13053.723,13050.349,0.0004,0.0004
07.04.2023 00:04:33.744,13053.601,13050.389,0.0004,0.0004
07.04.2023 00:04:33.854,13053.731000000002,13050.407,0.0004,0.0004
07.04.2023 00:04:33.905,13053.691,13050.229,0.0004,0.0004
07.04.2023 00:04:34.014,13053.773000000001,13050.519,0.0004,0.0004
07.04.2023 00:04:34.064,13054.021,13050.528999999999,0.0004,0.0004
07.04.2023 00:04:39.287,13053.741000000002,13050.298999999999,0.0004,0.0012
07.04.2023 00:04:39.337,13053.691,13050.319,0.0004,0.0004
07.04.2023 00:04:41.624,13053.713000000002,13050.339,0.0004,0.0004
07.04.2023 00:04:41.675,13053.801000000001,13050.329,0.0004,0.0004
07.04.2023 00:04:41.786,13053.853000000001,13050.599,0.0004,0.0004
07.04.2023 00:04:41.836,13054.031,13050.608999999999,0.0004,0.0004
07.04.2023 00:04:45.285,13053.871000000001,13050.589,0.0004,0.0012
07.04.2023 00:04:45.335,13053.801000000001,13050.339,0.0004,0.0004
07.04.2023 00:04:47.202,13053.781,13050.489,0.0004,0.0012
07.04.2023 00:04:47.253,13053.701000000001,13050.259,0.0004,0.0004
07.04.2023 00:04:50.969,13053.401000000002,13050.207,0.0004,0.0004
07.04.2023 00:04:51.020,13053.651000000002,13050.389,0.0004,0.0004
07.04.2023 00:04:51.129,13053.591,13050.197,0.0004,0.0004
07.04.2023 00:04:51.180,13053.311000000002,13050.048999999999,0.0004,0.0004
07.04.2023 00:04:51.287,13053.503,13050.499,0.0004,0.0004
07.04.2023 00:04:51.338,13053.721000000001,13050.288999999999,0.0004,0.0004
07.04.2023 00:04:52.159,13053.641000000001,13050.317,0.0004,0.0004
07.04.2023 00:04:52.210,13053.641000000001,13050.169,0.0004,0.0004
07.04.2023 00:04:52.317,13053.413,13050.288999999999,0.0004,0.0004
07.04.2023 00:04:52.367,13053.711000000001,13050.229,0.0004,0.0004
07.04.2023 00:04:52.710,13053.733,13050.548999999999,0.0004,0.0004
07.04.2023 00:04:52.761,13054.061000000002,13050.519,0.0004,0.0004
07.04.2023 00:04:54.052,13053.841,13050.517,0.0004,0.0004
07.04.2023 00:04:54.102,13053.851,13050.329,0.0004,0.0004
07.04.2023 00:04:54.210,13053.771,13050.387,0.0004,0.0004
07.04.2023 00:04:54.261,13053.781,13050.309,0.0004,0.0004
07.04.2023 00:04:54.710,13053.683,13050.688999999998,0.0004,0.0004
07.04.2023 00:04:54.760,13054.151000000002,13050.659,0.0004,0.0004
07.04.2023 00:04:57.184,13054.001000000002,13050.707,0.0004,0.0004
07.04.2023 00:04:57.234,13054.001000000002,13050.538999999999,0.0004,0.0004
07.04.2023 00:04:57.346,13054.043000000001,13050.989,0.0004,0.0004
07.04.2023 00:04:57.396,13054.261,13050.778999999999,0.0004,0.0004
07.04.2023 00:04:57.623,13054.141000000001,13050.757,0.0004,0.0004
07.04.2023 00:04:57.673,13054.191,13050.679,0.0004,0.0004
07.04.2023 00:04:57.783,13054.001000000002,13050.637,0.0004,0.0004
07.04.2023 00:04:57.833,13053.991000000002,13050.548999999999,0.0004,0.0004
07.04.2023 00:04:59.075,13054.043000000001,13050.729,0.0004,0.0004
07.04.2023 00:04:59.125,13054.231000000002,13050.759,0.0004,0.0004
07.04.2023 00:05:00.164,13054.223,13050.839,0.0004,0.0004
07.04.2023 00:05:00.214,13054.371000000001,13051.089,0.0004,0.0004
07.04.2023 00:05:00.323,13054.393,13051.608999999999,0.0004,0.0004
07.04.2023 00:05:00.373,13055.091,13051.889,0.0004,0.0004
07.04.2023 00:05:00.485,13055.061000000002,13051.677,0.0004,0.0004
07.04.2023 00:05:00.536,13055.031,13051.559,0.0004,0.0004
07.04.2023 00:05:01.095,13054.841,13051.517,0.0004,0.0004
07.04.2023 00:05:01.145,13054.861,13051.389,0.0004,0.0004
07.04.2023 00:05:01.865,13054.741000000002,13051.307,0.0004,0.0004
07.04.2023 00:05:01.915,13054.731000000002,13051.298999999999,0.0004,0.0004
07.04.2023 00:05:03.599,13054.783000000001,13051.329,0.0004,0.0004
07.04.2023 00:05:03.649,13054.881000000001,13051.389,0.0004,0.0004
07.04.2023 00:05:03.922,13054.691,13051.357,0.0004,0.0004
07.04.2023 00:05:03.973,13054.731000000002,13051.229,0.0004,0.0004
07.04.2023 00:05:04.918,13054.713000000002,13051.319,0.0004,0.0004
07.04.2023 00:05:04.969,13054.871000000001,13051.409,0.0004,0.0004
07.04.2023 00:05:05.144,13054.791000000001,13051.367,0.0004,0.0004
07.04.2023 00:05:05.194,13054.691,13051.239,0.0004,0.0004
07.04.2023 00:05:07.135,13054.733,13051.368999999999,0.0004,0.0004
07.04.2023 00:05:07.185,13054.831000000002,13051.339,0.0004,0.0004
07.04.2023 00:05:08.516,13054.781,13051.317,0.0004,0.0004
07.04.2023 00:05:08.566,13054.711000000001,13051.219,0.0004,0.0004
07.04.2023 00:05:08.675,13054.261,13050.809,0.0004,0.0012
07.04.2023 00:05:08.726,13054.011,13050.729,0.0004,0.0004
07.04.2023 00:05:14.625,13054.141000000001,13050.726999999999,0.0004,0.0004
07.04.2023 00:05:14.676,13054.171000000002,13050.618999999999,0.0004,0.0004
07.04.2023 00:05:15.841,13053.711000000001,13050.259,0.0004,0.0012
07.04.2023 00:05:15.892,13053.691,13050.298999999999,0.0004,0.0004
07.04.2023 00:05:17.357,13053.743,13050.309,0.0004,0.0004
07.04.2023 00:05:17.407,13053.861,13050.589,0.0004,0.0004
07.04.2023 00:05:17.675,13053.833,13050.769,0.0004,0.0004
07.04.2023 00:05:17.725,13054.211000000001,13050.708999999999,0.0004,0.0004
07.04.2023 00:05:17.835,13054.011,13050.798999999999,0.0004,0.0012
07.04.2023 00:05:17.886,13053.991000000002,13050.599,0.0004,0.0004
07.04.2023 00:05:18.155,13053.691,13050.298999999999,0.0004,0.0012
07.04.2023 00:05:18.206,13053.761,13050.278999999999,0.0004,0.0004
07.04.2023 00:05:20.243,13053.773000000001,13050.329,0.0004,0.0004
07.04.2023 00:05:20.294,13053.841,13050.419,0.0004,0.0004
07.04.2023 00:05:20.605,13053.791000000001,13050.337,0.0004,0.0004
07.04.2023 00:05:20.656,13053.731000000002,13050.309,0.0004,0.0004
07.04.2023 00:05:23.430,13053.743,13050.639,0.0004,0.0004
07.04.2023 00:05:23.481,13054.101,13050.708999999999,0.0004,0.0004
07.04.2023 00:05:23.602,13054.031,13050.667,0.0004,0.0004
07.04.2023 00:05:23.652,13053.811000000002,13050.548999999999,0.0004,0.0004
07.04.2023 00:05:23.762,13054.073,13050.679,0.0004,0.0004
07.04.2023 00:05:23.812,13054.081000000002,13050.649,0.0004,0.0004
07.04.2023 00:05:23.921,13054.173,13050.759,0.0004,0.0004
07.04.2023 00:05:23.971,13054.221000000001,13050.798999999999,0.0004,0.0004
07.04.2023 00:05:24.174,13054.131000000001,13050.817,0.0004,0.0004
07.04.2023 00:05:24.225,13054.191,13050.659,0.0004,0.0004
07.04.2023 00:05:25.950,13054.143,13050.769,0.0004,0.0004
07.04.2023 00:05:26.001,13054.241000000002,13050.778999999999,0.0004,0.0004
07.04.2023 00:05:26.107,13054.101,13050.757,0.0004,0.0004
07.04.2023 00:05:26.158,13054.161000000002,13050.608999999999,0.0004,0.0004
07.04.2023 00:05:27.350,13054.001000000002,13050.697,0.0004,0.0004
07.04.2023 00:05:27.400,13053.981000000002,13050.599,0.0004,0.0004
07.04.2023 00:05:32.827,13053.771,13050.208999999999,0.0004,0.0012
07.04.2023 00:05:32.877,13053.731000000002,13050.288999999999,0.0004,0.0004
07.04.2023 00:05:35.516,13053.783000000001,13050.589,0.0004,0.0004
07.04.2023 00:05:35.567,13054.001000000002,13050.599,0.0004,0.0004
07.04.2023 00:05:35.679,13053.581000000002,13050.208999999999,0.0004,0.0012
07.04.2023 00:05:35.730,13053.401000000002,13050.169,0.0004,0.0004
07.04.2023 00:05:36.226,13053.501000000002,13050.177,0.0004,0.0004
07.04.2023 00:05:36.277,13053.591,13050.038999999999,0.0004,0.0004
07.04.2023 00:05:37.320,13053.563,13050.319,0.0004,0.0004
07.04.2023 00:05:37.371,13053.781,13050.499,0.0004,0.0004
07.04.2023 00:05:38.330,13053.341,13049.868999999999,0.0004,0.0012
07.04.2023 00:05:38.380,13053.291000000001,13049.899,0.0004,0.0004
07.04.2023 00:05:39.069,13053.393,13050.019,0.0004,0.0004
07.04.2023 00:05:39.120,13053.581000000002,13050.298999999999,0.0004,0.0004
07.04.2023 00:05:39.970,13053.301000000001,13050.057,0.0004,0.0004
07.04.2023 00:05:40.021,13053.311000000002,13050.089,0.0004,0.0004
07.04.2023 00:05:40.934,13053.313,13050.149,0.0004,0.0004
07.04.2023 00:05:40.985,13053.601,13050.219,0.0004,0.0004
07.04.2023 00:05:41.729,13053.663,13050.239,0.0004,0.0004
07.04.2023 00:05:41.779,13053.761,13050.229,0.0004,0.0004
07.04.2023 00:05:43.985,13053.611,13050.247,0.0004,0.0004
07.04.2023 00:05:44.036,13053.631000000001,13050.149,0.0004,0.0004
07.04.2023 00:05:44.147,13053.623000000001,13050.319,0.0004,0.0004
07.04.2023 00:05:44.198,13053.761,13050.319,0.0004,0.0004
07.04.2023 00:05:45.165,13053.763,13050.349,0.0004,0.0004
07.04.2023 00:05:45.215,13053.821000000002,13050.349,0.0004,0.0004
07.04.2023 00:05:45.327,13053.731000000002,13050.327,0.0004,0.0004
07.04.2023 00:05:45.377,13053.761,13050.298999999999,0.0004,0.0004
07.04.2023 00:05:45.486,13053.703000000001,13050.589,0.0004,0.0004
07.04.2023 00:05:45.537,13054.091,13050.559,0.0004,0.0004
07.04.2023 00:05:46.894,13053.791000000001,13050.389,0.0004,0.0012
07.04.2023 00:05:46.945,13053.601,13050.389,0.0004,0.0004
07.04.2023 00:05:47.658,13053.603000000001,13050.798999999999,0.0004,0.0004
07.04.2023 00:05:47.709,13054.071000000002,13050.798999999999,0.0004,0.0004
07.04.2023 00:05:47.976,13053.691,13050.499,0.0004,0.0012
07.04.2023 00:05:48.026,13053.731000000002,13050.219,0.0004,0.0004
07.04.2023 00:05:48.137,13053.531,13050.237,0.0004,0.0004
07.04.2023 00:05:48.188,13053.541000000001,13050.059,0.0004,0.0004
07.04.2023 00:05:48.298,13052.901000000002,13049.688999999998,0.0004,0.0012
07.04.2023 00:05:48.348,13053.131000000001,13049.639,0.0004,0.0004
07.04.2023 00:05:49.069,13053.173,13049.809,0.0004,0.0004
07.04.2023 00:05:49.119,13053.201000000001,13049.778999999999,0.0004,0.0004
07.04.2023 00:05:49.219,13053.091,13049.787,0.0004,0.0004
07.04.2023 00:05:49.269,13053.121000000001,13049.688999999998,0.0004,0.0004
07.04.2023 00:05:49.545,13053.183,13049.759,0.0004,0.0004
07.04.2023 00:05:49.595,13053.011,13049.739,0.0004,0.0004
07.04.2023 00:05:52.346,13053.151000000002,13049.889,0.0004,0.0012
07.04.2023 00:05:52.397,13053.141000000001,13049.698999999999,0.0004,0.0004
07.04.2023 00:05:53.836,13053.163,13050.118999999999,0.0004,0.0004
07.04.2023 00:05:53.887,13053.561000000002,13050.059,0.0004,0.0004
07.04.2023 00:05:55.814,13053.251000000002,13049.809,0.0004,0.0012
07.04.2023 00:05:55.865,13053.191,13049.809,0.0004,0.0004
07.04.2023 00:05:57.942,13053.273000000001,13050.089,0.0004,0.0004
07.04.2023 00:05:57.993,13053.541000000001,13050.108999999999,0.0004,0.0004
07.04.2023 00:05:58.923,13053.361,13050.089,0.0004,0.0012
07.04.2023 00:05:58.974,13053.281,13049.819,0.0004,0.0004
07.04.2023 00:05:59.085,13053.181,13049.867,0.0004,0.0004
07.04.2023 00:05:59.136,13053.181,13049.708999999999,0.0004,0.0004
07.04.2023 00:05:59.883,13053.253,13050.288999999999,0.0004,0.0004
07.04.2023 00:05:59.933,13053.571000000002,13050.069,0.0004,0.0004
07.04.2023 00:06:00.844,13053.001000000002,13049.798999999999,0.0004,0.0012
07.04.2023 00:06:00.895,13053.241000000002,13049.788999999999,0.0004,0.0004
07.04.2023 00:06:01.004,13053.203000000001,13049.889,0.0004,0.0004
07.04.2023 00:06:01.055,13053.391000000001,13049.909,0.0004,0.0004
07.04.2023 00:06:01.324,13053.001000000002,13049.729,0.0004,0.0004
07.04.2023 00:06:04.050,13053.213000000002,13050.059,0.0004,0.0004
07.04.2023 00:06:04.100,13053.521,13050.099,0.0004,0.0004
07.04.2023 00:06:06.750,13053.503,13050.169,0.0004,0.0004
07.04.2023 00:06:06.800,13053.601,13050.188999999998,0.0004,0.0004
07.04.2023 00:06:06.910,13053.593,13050.239,0.0004,0.0004
07.04.2023 00:06:06.960,13053.731000000002,13050.219,0.0004,0.0004
07.04.2023 00:06:07.659,13053.651000000002,13050.287,0.0004,0.0004
07.04.2023 00:06:07.710,13053.611,13050.108999999999,0.0004,0.0004
07.04.2023 00:06:07.821,13053.041000000001,13049.788999999999,0.0004,0.0012
07.04.2023 00:06:07.872,13053.011,13049.548999999999,0.0004,0.0004
07.04.2023 00:06:10.533,13052.851,13049.547,0.0004,0.0004
07.04.2023 00:06:10.584,13052.791000000001,13049.358999999999,0.0004,0.0004
07.04.2023 00:06:10.695,13052.561000000002,13049.038999999999,0.0004,0.0012
07.04.2023 00:06:10.746,13052.561000000002,13049.019,0.0004,0.0004
07.04.2023 00:06:10.855,13052.573,13049.188999999998,0.0004,0.0004
07.04.2023 00:06:10.906,13052.621000000001,13049.179,0.0004,0.0004
07.04.2023 00:06:11.015,13052.551000000001,13049.207,0.0004,0.0004
07.04.2023 00:06:11.065,13052.571000000002,13049.089,0.0004,0.0004
07.04.2023 00:06:11.173,13052.523000000001,13049.538999999999,0.0004,0.0004
07.04.2023 00:06:11.224,13053.001000000002,13049.599,0.0004,0.0004
07.04.2023 00:06:12.538,13052.781,13049.219,0.0004,0.0012
07.04.2023 00:06:12.589,13052.701000000001,13049.249,0.0004,0.0004
07.04.2023 00:06:12.944,13052.683,13049.319,0.0004,0.0004
07.04.2023 00:06:12.995,13052.601,13049.378999999999,0.0004,0.0004
07.04.2023 00:06:13.117,13053.031,13049.599,0.0004,0.0004
07.04.2023 00:06:13.766,13052.501000000002,13049.278999999999,0.0004,0.0012
07.04.2023 00:06:13.817,13052.721000000001,13049.288999999999,0.0004,0.0004
07.04.2023 00:06:13.926,13052.773000000001,13049.618999999999,0.0004,0.0004
07.04.2023 00:06:13.976,13053.041000000001,13049.538999999999,0.0004,0.0004
07.04.2023 00:06:14.254,13052.781,13049.587,0.0004,0.0004
07.04.2023 00:06:14.304,13052.851,13049.329,0.0004,0.0004
07.04.2023 00:06:14.416,13052.701000000001,13049.337,0.0004,0.0004
07.04.2023 00:06:14.466,13052.751000000002,13049.278999999999,0.0004,0.0004
07.04.2023 00:06:15.922,13052.301000000001,13049.108999999999,0.0004,0.0012
07.04.2023 00:06:15.972,13052.531,13049.048999999999,0.0004,0.0004
07.04.2023 00:06:16.729,13052.361,13048.919,0.0004,0.0012
07.04.2023 00:06:16.779,13052.331000000002,13048.839,0.0004,0.0004
07.04.2023 00:06:16.888,13052.261,13048.827,0.0004,0.0004
07.04.2023 00:06:16.938,13052.211000000001,13048.788999999999,0.0004,0.0004
07.04.2023 00:06:18.237,13052.081000000002,13048.599,0.0004,0.0012
07.04.2023 00:06:18.287,13052.011,13048.788999999999,0.0004,0.0004
07.04.2023 00:06:20.177,13052.063,13048.679,0.0004,0.0004
07.04.2023 00:06:20.227,13051.911000000002,13048.659,0.0004,0.0004
07.04.2023 00:06:20.338,13052.021,13048.697,0.0004,0.0004
07.04.2023 00:06:20.388,13052.051000000001,13048.608999999999,0.0004,0.0004
07.04.2023 00:06:23.306,13051.561000000002,13048.108999999999,0.0004,0.0012
07.04.2023 00:06:23.356,13051.571000000002,13048.099,0.0004,0.0004
07.04.2023 00:06:24.080,13051.553,13048.298999999999,0.0004,0.0004
07.04.2023 00:06:24.130,13051.741000000002,13048.278999999999,0.0004,0.0004
07.04.2023 00:06:24.240,13051.311000000002,13048.287,0.0004,0.0004
07.04.2023 00:06:24.291,13051.571000000002,13048.019,0.0004,0.0004
07.04.2023 00:06:25.096,13051.331000000002,13048.089,0.0004,0.0012
07.04.2023 00:06:25.147,13051.321000000002,13047.829,0.0004,0.0004
07.04.2023 00:06:25.255,13051.363000000001,13048.069,0.0004,0.0004
07.04.2023 00:06:25.306,13051.481000000002,13048.108999999999,0.0004,0.0004
07.04.2023 00:06:25.535,13051.361,13048.067,0.0004,0.0004
07.04.2023 00:06:25.586,13051.381000000001,13047.829,0.0004,0.0004
07.04.2023 00:06:26.726,13051.373000000001,13048.069,0.0004,0.0004
07.04.2023 00:06:26.776,13051.591,13048.059,0.0004,0.0004
07.04.2023 00:06:26.891,13051.553,13048.169,0.0004,0.0004
07.04.2023 00:06:26.942,13051.651000000002,13048.169,0.0004,0.0004
07.04.2023 00:06:28.328,13051.673,13048.208999999999,0.0004,0.0004
07.04.2023 00:06:28.378,13051.501000000002,13048.288999999999,0.0004,0.0004
07.04.2023 00:06:32.073,13051.561000000002,13048.207,0.0004,0.0004
07.04.2023 00:06:32.123,13051.561000000002,13048.079,0.0004,0.0004
07.04.2023 00:06:32.299,13051.553,13048.198999999999,0.0004,0.0004
07.04.2023 00:06:32.349,13051.611,13048.139,0.0004,0.0004
07.04.2023 00:06:32.453,13051.653,13048.259,0.0004,0.0004
07.04.2023 00:06:32.504,13051.691,13048.298999999999,0.0004,0.0004
07.04.2023 00:06:35.555,13051.511,13048.287,0.0004,0.0004
07.04.2023 00:06:35.606,13051.571000000002,13048.089,0.0004,0.0004
07.04.2023 00:06:35.876,13051.553,13048.249,0.0004,0.0004
07.04.2023 00:06:35.926,13051.791000000001,13048.229,0.0004,0.0004
07.04.2023 00:06:36.359,13051.601,13048.207,0.0004,0.0004
07.04.2023 00:06:36.410,13051.621000000001,13048.188999999998,0.0004,0.0004
07.04.2023 00:06:36.519,13051.413,13048.269,0.0004,0.0004
07.04.2023 00:06:36.570,13051.511,13048.219,0.0004,0.0004
07.04.2023 00:06:36.679,13051.491000000002,13048.257,0.0004,0.0004
07.04.2023 00:06:36.730,13051.561000000002,13048.108999999999,0.0004,0.0004
07.04.2023 00:06:36.840,13051.231000000002,13047.729,0.0004,0.0012
07.04.2023 00:06:36.890,13051.231000000002,13047.989,0.0004,0.0004
07.04.2023 00:06:40.436,13051.031,13047.737,0.0004,0.0004
07.04.2023 00:06:40.486,13051.041000000001,13047.798999999999,0.0004,0.0004
07.04.2023 00:06:40.893,13050.983,13047.909,0.0004,0.0004
07.04.2023 00:06:40.944,13051.351,13047.829,0.0004,0.0004
07.04.2023 00:06:41.054,13051.353000000001,13048.298999999999,0.0004,0.0004
07.04.2023 00:06:41.105,13051.581000000002,13048.118999999999,0.0004,0.0004
07.04.2023 00:06:41.348,13051.361,13048.047,0.0004,0.0004
07.04.2023 00:06:41.399,13051.301000000001,13047.889,0.0004,0.0004
07.04.2023 00:06:41.871,13051.271,13047.827,0.0004,0.0004
07.04.2023 00:06:41.921,13051.281,13047.809,0.0004,0.0004
07.04.2023 00:06:42.039,13051.253,13048.099,0.0004,0.0004
07.04.2023 00:06:42.089,13051.511,13048.028999999999,0.0004,0.0004
07.04.2023 00:06:42.635,13051.361,13048.007,0.0004,0.0004
07.04.2023 00:06:42.685,13051.301000000001,13047.868999999999,0.0004,0.0004
07.04.2023 00:06:43.046,13051.353000000001,13048.019,0.0004,0.0004
07.04.2023 00:06:43.097,13051.311000000002,13048.009,0.0004,0.0004
07.04.2023 00:06:43.202,13051.281,13047.819,0.0004,0.0012
07.04.2023 00:06:43.253,13051.281,13047.778999999999,0.0004,0.0004
07.04.2023 00:06:45.387,13051.051000000001,13047.599,0.0004,0.0012
07.04.2023 00:06:45.438,13051.011,13047.538999999999,0.0004,0.0004
07.04.2023 00:06:50.708,13051.083,13047.698999999999,0.0004,0.0004
07.04.2023 00:06:50.758,13051.111,13047.649,0.0004,0.0004
07.04.2023 00:06:50.866,13051.133000000002,13047.798999999999,0.0004,0.0004
07.04.2023 00:06:50.917,13051.221000000001,13047.989,0.0004,0.0004
07.04.2023 00:06:51.027,13051.263,13048.089,0.0004,0.0004
07.04.2023 00:06:51.078,13051.511,13048.019,0.0004,0.0004
07.04.2023 00:06:52.327,13051.171000000002,13047.679,0.0004,0.0012
07.04.2023 00:06:52.378,13051.111,13047.649,0.0004,0.0004
07.04.2023 00:06:52.899,13050.913,13047.819,0.0004,0.0004
07.04.2023 00:06:52.950,13051.321000000002,13048.089,0.0004,0.0004
07.04.2023 00:06:53.656,13051.393,13048.089,0.0004,0.0004
07.04.2023 00:06:53.706,13051.581000000002,13048.048999999999,0.0004,0.0004
07.04.2023 00:06:53.815,13051.291000000001,13048.017,0.0004,0.0004
07.04.2023 00:06:53.865,13051.281,13047.849,0.0004,0.0004
07.04.2023 00:06:53.975,13051.373000000001,13048.069,0.0004,0.0004
07.04.2023 00:06:54.025,13051.561000000002,13048.038999999999,0.0004,0.0004
07.04.2023 00:06:54.715,13051.523000000001,13048.229,0.0004,0.0004
07.04.2023 00:06:54.765,13051.741000000002,13048.269,0.0004,0.0004
07.04.2023 00:06:55.491,13051.511,13048.257,0.0004,0.0004
07.04.2023 00:06:55.542,13051.491000000002,13048.099,0.0004,0.0004
07.04.2023 00:06:57.146,13051.583,13048.269,0.0004,0.0004
07.04.2023 00:06:57.196,13051.711000000001,13048.249,0.0004,0.0004
07.04.2023 00:06:57.998,13051.503,13048.729,0.0004,0.0004
07.04.2023 00:06:58.048,13052.281,13048.778999999999,0.0004,0.0004
07.04.2023 00:07:00.709,13052.253,13049.288999999999,0.0004,0.0004
07.04.2023 00:07:00.760,13052.761,13049.319,0.0004,0.0004
07.04.2023 00:07:01.209,13052.601,13049.217,0.0004,0.0004
07.04.2023 00:07:01.260,13052.631000000001,13049.149,0.0004,0.0004
07.04.2023 00:07:01.367,13052.101,13048.809,0.0004,0.0012
07.04.2023 00:07:01.418,13052.381000000001,13048.819,0.0004,0.0004
07.04.2023 00:07:02.072,13052.293000000001,13049.069,0.0004,0.0004
07.04.2023 00:07:02.123,13052.531,13049.069,0.0004,0.0004
07.04.2023 00:07:02.391,13052.321000000002,13049.047,0.0004,0.0004
07.04.2023 00:07:02.442,13052.291000000001,13048.909,0.0004,0.0004
07.04.2023 00:07:03.278,13052.201000000001,13048.807,0.0004,0.0004
07.04.2023 00:07:03.328,13052.271,13048.788999999999,0.0004,0.0004
07.04.2023 00:07:05.496,13052.263,13048.899,0.0004,0.0004
07.04.2023 00:07:05.547,13052.311000000002,13048.849,0.0004,0.0004
07.04.2023 00:07:05.658,13052.323,13049.288999999999,0.0004,0.0004
07.04.2023 00:07:05.709,13052.711000000001,13049.219,0.0004,0.0004
07.04.2023 00:07:06.779,13052.681,13049.297,0.0004,0.0004
07.04.2023 00:07:06.829,13052.621000000001,13049.198999999999,0.0004,0.0004
07.04.2023 00:07:06.934,13052.011,13048.999,0.0004,0.0012
07.04.2023 00:07:06.984,13052.241000000002,13048.739,0.0004,0.0004
07.04.2023 00:07:07.256,13052.013,13049.288999999999,0.0004,0.0004
07.04.2023 00:07:07.306,13052.491000000002,13049.019,0.0004,0.0004
07.04.2023 00:07:07.577,13052.381000000001,13049.007,0.0004,0.0004
07.04.2023 00:07:07.627,13052.381000000001,13048.858999999999,0.0004,0.0004
07.04.2023 00:07:08.890,13052.373000000001,13049.089,0.0004,0.0004
07.04.2023 00:07:08.940,13052.551000000001,13049.089,0.0004,0.0004
07.04.2023 00:07:09.210,13052.483,13049.229,0.0004,0.0004
07.04.2023 00:07:09.261,13052.711000000001,13049.278999999999,0.0004,0.0004
07.04.2023 00:07:10.779,13052.621000000001,13049.317,0.0004,0.0004
07.04.2023 00:07:10.830,13052.611,13049.188999999998,0.0004,0.0004
07.04.2023 00:07:11.346,13052.663,13049.259,0.0004,0.0004
07.04.2023 00:07:11.397,13052.701000000001,13049.208999999999,0.0004,0.0004
07.04.2023 00:07:12.377,13052.723,13049.788999999999,0.0004,0.0004
07.04.2023 00:07:12.428,13053.001000000002,13049.769,0.0004,0.0004
07.04.2023 00:07:14.177,13053.283000000001,13050.269,0.0004,0.0004
07.04.2023 00:07:14.228,13053.771,13050.298999999999,0.0004,0.0004
07.04.2023 00:07:14.664,13053.201000000001,13049.759,0.0004,0.0012
07.04.2023 00:07:14.714,13053.241000000002,13049.729,0.0004,0.0004
07.04.2023 00:07:14.826,13053.203000000001,13050.089,0.0004,0.0004
07.04.2023 00:07:14.876,13053.341,13049.858999999999,0.0004,0.0004
07.04.2023 00:07:14.985,13053.271,13049.837,0.0004,0.0004
07.04.2023 00:07:15.035,13053.221000000001,13049.819,0.0004,0.0004
07.04.2023 00:07:19.931,13053.253,13050.009,0.0004,0.0004
07.04.2023 00:07:19.982,13053.481000000002,13050.048999999999,0.0004,0.0004
07.04.2023 00:07:20.736,13053.483,13050.329,0.0004,0.0004
07.04.2023 00:07:20.787,13053.861,13050.319,0.0004,0.0004
07.04.2023 00:07:21.104,13053.721000000001,13050.327,0.0004,0.0004
07.04.2023 00:07:21.155,13053.711000000001,13050.229,0.0004,0.0004
07.04.2023 00:07:24.664,13053.783000000001,13050.399,0.0004,0.0004
07.04.2023 00:07:24.714,13053.601,13050.599,0.0004,0.0004
07.04.2023 00:07:24.829,13053.783000000001,13050.719,0.0004,0.0004
07.04.2023 00:07:24.879,13054.211000000001,13050.769,0.0004,0.0004
07.04.2023 00:07:26.398,13054.203000000001,13051.079,0.0004,0.0004
07.04.2023 00:07:26.449,13054.311000000002,13051.099,0.0004,0.0004
07.04.2023 00:07:30.103,13054.211000000001,13050.749,0.0004,0.0012
07.04.2023 00:07:30.154,13054.001000000002,13050.778999999999,0.0004,0.0004
07.04.2023 00:07:37.585,13054.003,13051.298999999999,0.0004,0.0004
07.04.2023 00:07:37.635,13054.311000000002,13051.028999999999,0.0004,0.0004
07.04.2023 00:07:39.325,13054.031,13050.519,0.0004,0.0012
07.04.2023 00:07:39.376,13054.081000000002,13050.519,0.0004,0.0004
07.04.2023 00:07:39.484,13054.043000000001,13050.679,0.0004,0.0004
07.04.2023 00:07:39.534,13054.111,13050.688999999998,0.0004,0.0004
07.04.2023 00:07:39.645,13054.193000000001,13050.788999999999,0.0004,0.0004
07.04.2023 00:07:39.696,13054.271,13050.719,0.0004,0.0004
07.04.2023 00:07:40.477,13054.233,13050.909,0.0004,0.0004
07.04.2023 00:07:40.527,13054.301000000001,13050.868999999999,0.0004,0.0004
07.04.2023 00:07:40.637,13054.323,13051.089,0.0004,0.0004
07.04.2023 00:07:40.688,13054.481000000002,13051.059,0.0004,0.0004
07.04.2023 00:07:40.957,13054.291000000001,13050.778999999999,0.0004,0.0012
07.04.2023 00:07:41.007,13054.201000000001,13050.729,0.0004,0.0004
07.04.2023 00:07:42.005,13054.121000000001,13050.889,0.0004,0.0012
07.04.2023 00:07:42.055,13053.901000000002,13050.698999999999,0.0004,0.0004
07.04.2023 00:07:42.164,13054.143,13050.719,0.0004,0.0004
07.04.2023 00:07:42.215,13054.231000000002,13050.809,0.0004,0.0004
07.04.2023 00:07:42.660,13054.081000000002,13050.817,0.0004,0.0004
07.04.2023 00:07:42.711,13054.161000000002,13050.688999999998,0.0004,0.0004
07.04.2023 00:07:43.153,13054.091,13050.788999999999,0.0004,0.0012
07.04.2023 00:07:43.204,13054.001000000002,13050.589,0.0004,0.0004
07.04.2023 00:07:44.031,13053.813,13050.649,0.0004,0.0004
07.04.2023 00:07:44.081,13054.101,13050.639,0.0004,0.0004
07.04.2023 00:07:46.774,13054.143,13050.788999999999,0.0004,0.0004
07.04.2023 00:07:46.825,13054.281,13050.759,0.0004,0.0004
07.04.2023 00:07:47.379,13054.291000000001,13050.847,0.0004,0.0004
07.04.2023 00:07:47.430,13054.341,13050.858999999999,0.0004,0.0004
07.04.2023 00:07:49.349,13054.301000000001,13051.099,0.0004,0.0012
07.04.2023 00:07:49.400,13054.761,13051.288999999999,0.0004,0.0004
07.04.2023 00:07:49.673,13054.503,13051.999,0.0004,0.0004
07.04.2023 00:07:49.724,13055.281,13051.729,0.0004,0.0004
07.04.2023 00:07:49.830,13055.111,13051.797,0.0004,0.0004
07.04.2023 00:07:49.880,13055.111,13051.628999999999,0.0004,0.0004
07.04.2023 00:07:50.270,13054.701000000001,13051.298999999999,0.0004,0.0012
07.04.2023 00:07:50.321,13054.771,13051.489,0.0004,0.0004
07.04.2023 00:07:50.900,13054.713000000002,13051.399,0.0004,0.0004
07.04.2023 00:07:50.951,13054.861,13051.329,0.0004,0.0004
07.04.2023 00:07:52.348,13054.741000000002,13051.337,0.0004,0.0004
07.04.2023 00:07:52.398,13054.761,13051.288999999999,0.0004,0.0004
07.04.2023 00:07:53.293,13054.513,13051.419,0.0004,0.0004
07.04.2023 00:07:53.344,13054.851,13051.319,0.0004,0.0004
07.04.2023 00:07:53.452,13054.711000000001,13051.407,0.0004,0.0004
07.04.2023 00:07:53.503,13054.731000000002,13051.259,0.0004,0.0004
07.04.2023 00:07:53.613,13054.723,13051.368999999999,0.0004,0.0004
07.04.2023 00:07:53.663,13054.831000000002,13051.419,0.0004,0.0004
07.04.2023 00:07:53.775,13054.753,13051.409,0.0004,0.0004
07.04.2023 00:07:53.826,13054.771,13051.219,0.0004,0.0004
07.04.2023 00:07:53.934,13054.503,13051.409,0.0004,0.0004
07.04.2023 00:07:53.984,13054.821000000002,13051.399,0.0004,0.0004
07.04.2023 00:07:54.573,13054.843,13051.538999999999,0.0004,0.0004
07.04.2023 00:07:54.624,13055.091,13051.569,0.0004,0.0004
07.04.2023 00:07:55.210,13055.033000000001,13051.708999999999,0.0004,0.0004
07.04.2023 00:07:55.260,13054.901000000002,13051.639,0.0004,0.0004
07.04.2023 00:07:56.621,13055.153,13051.778999999999,0.0004,0.0004
07.04.2023 00:07:56.672,13055.001000000002,13051.749,0.0004,0.0004
07.04.2023 00:07:56.780,13055.011,13051.757,0.0004,0.0004
07.04.2023 00:07:56.831,13055.011,13051.589,0.0004,0.0004
07.04.2023 00:07:57.216,13055.053,13051.698999999999,0.0004,0.0004
07.04.2023 00:07:57.267,13055.191,13051.669,0.0004,0.0004
07.04.2023 00:07:57.767,13055.173,13051.819,0.0004,0.0004
07.04.2023 00:07:57.817,13055.241000000002,13051.759,0.0004,0.0004
07.04.2023 00:07:57.926,13055.021,13051.788999999999,0.0004,0.0012
07.04.2023 00:07:57.977,13055.081000000002,13051.538999999999,0.0004,0.0004
07.04.2023 00:07:59.649,13054.891000000001,13051.507,0.0004,0.0004
07.04.2023 00:07:59.700,13054.871000000001,13051.319,0.0004,0.0004
07.04.2023 00:07:59.810,13054.691,13051.337,0.0004,0.0004
07.04.2023 00:07:59.861,13054.761,13051.269,0.0004,0.0004
07.04.2023 00:08:00.456,13054.513,13051.579,0.0004,0.0004
07.04.2023 00:08:00.507,13055.021,13051.798999999999,0.0004,0.0004
07.04.2023 00:08:01.119,13055.083,13051.759,0.0004,0.0004
07.04.2023 00:08:01.169,13055.201000000001,13051.729,0.0004,0.0004
07.04.2023 00:08:01.384,13054.901000000002,13051.787,0.0004,0.0004
07.04.2023 00:08:01.435,13055.181,13051.628999999999,0.0004,0.0004
07.04.2023 00:08:01.600,13055.083,13051.999,0.0004,0.0004
07.04.2023 00:08:01.650,13055.211000000001,13051.788999999999,0.0004,0.0004
07.04.2023 00:08:02.026,13055.121000000001,13051.747,0.0004,0.0004
07.04.2023 00:08:02.077,13055.141000000001,13051.719,0.0004,0.0004
07.04.2023 00:08:02.170,13055.143,13051.778999999999,0.0004,0.0004
07.04.2023 00:08:02.220,13055.271,13051.729,0.0004,0.0004
07.04.2023 00:08:05.095,13055.243,13051.829,0.0004,0.0004
07.04.2023 00:08:05.146,13055.381000000001,13051.858999999999,0.0004,0.0004
07.04.2023 00:08:05.562,13055.181,13051.917,0.0004,0.0004
07.04.2023 00:08:05.612,13055.191,13051.798999999999,0.0004,0.0004
07.04.2023 00:08:06.243,13055.233,13052.708999999999,0.0004,0.0004
07.04.2023 00:08:06.293,13056.271,13052.788999999999,0.0004,0.0004
07.04.2023 00:08:08.356,13056.263,13052.909,0.0004,0.0004
07.04.2023 00:08:08.406,13056.291000000001,13052.889,0.0004,0.0004
07.04.2023 00:08:09.268,13056.261,13052.877,0.0004,0.0004
07.04.2023 00:08:09.319,13056.181,13052.999,0.0004,0.0004
07.04.2023 00:08:11.815,13056.161000000002,13052.889,0.0004,0.0012
07.04.2023 00:08:11.866,13056.141000000001,13052.669,0.0004,0.0004
07.04.2023 00:08:12.703,13055.841,13052.339,0.0004,0.0012
07.04.2023 00:08:12.753,13055.851,13052.389,0.0004,0.0004
07.04.2023 00:08:12.863,13055.813,13052.559,0.0004,0.0004
07.04.2023 00:08:12.914,13056.051000000001,13052.519,0.0004,0.0004
07.04.2023 00:08:14.480,13055.861,13052.597,0.0004,0.0004
07.04.2023 00:08:14.530,13055.861,13052.378999999999,0.0004,0.0004
07.04.2023 00:08:14.639,13055.883000000002,13052.519,0.0004,0.0004
07.04.2023 00:08:14.690,13056.011,13052.579,0.0004,0.0004
07.04.2023 00:08:14.932,13055.781,13052.587,0.0004,0.0004
07.04.2023 00:08:14.982,13055.601,13052.378999999999,0.0004,0.0004
07.04.2023 00:08:15.090,13055.843,13052.599,0.0004,0.0004
07.04.2023 00:08:15.140,13055.811000000002,13052.519,0.0004,0.0004
07.04.2023 00:08:15.571,13055.891000000001,13052.599,0.0004,0.0012
07.04.2023 00:08:15.622,13055.821000000002,13052.399,0.0004,0.0004
07.04.2023 00:08:15.731,13055.521,13052.009,0.0004,0.0012
07.04.2023 00:08:15.782,13055.541000000001,13052.108999999999,0.0004,0.0004
07.04.2023 00:08:15.892,13054.991000000002,13051.788999999999,0.0004,0.0012
07.04.2023 00:08:15.943,13055.011,13051.599,0.0004,0.0004
07.04.2023 00:08:16.053,13055.023000000001,13051.708999999999,0.0004,0.0004
07.04.2023 00:08:16.104,13055.131000000001,13051.708999999999,0.0004,0.0004
07.04.2023 00:08:16.211,13055.143,13051.769,0.0004,0.0004
07.04.2023 00:08:16.262,13055.271,13051.729,0.0004,0.0004
07.04.2023 00:08:18.233,13055.001000000002,13051.777,0.0004,0.0004
07.04.2023 00:08:18.284,13055.071000000002,13051.519,0.0004,0.0004
07.04.2023 00:08:22.734,13055.033000000001,13051.889,0.0004,0.0004
07.04.2023 00:08:22.785,13054.901000000002,13051.649,0.0004,0.0004
07.04.2023 00:08:22.894,13055.153,13051.858999999999,0.0004,0.0004
07.04.2023 00:08:22.944,13055.111,13051.849,0.0004,0.0004
07.04.2023 00:08:24.117,13055.231000000002,13051.857,0.0004,0.0004
07.04.2023 00:08:24.167,13055.271,13051.759,0.0004,0.0004
07.04.2023 00:08:24.746,13055.273000000001,13052.099,0.0004,0.0004
07.04.2023 00:08:24.796,13055.491000000002,13052.059,0.0004,0.0004
07.04.2023 00:08:25.273,13055.371000000001,13052.037,0.0004,0.0004
07.04.2023 00:08:25.324,13055.321000000002,13051.829,0.0004,0.0004
07.04.2023 00:08:27.753,13055.201000000001,13051.877,0.0004,0.0004
07.04.2023 00:08:27.804,13055.251000000002,13051.739,0.0004,0.0004
07.04.2023 00:08:27.915,13054.881000000001,13051.349,0.0004,0.0012
07.04.2023 00:08:27.966,13054.851,13051.319,0.0004,0.0004
07.04.2023 00:08:29.394,13054.741000000002,13051.357,0.0004,0.0004
07.04.2023 00:08:29.445,13054.721000000001,13051.269,0.0004,0.0004
07.04.2023 00:08:30.253,13054.753,13051.409,0.0004,0.0004
07.04.2023 00:08:30.303,13054.811000000002,13051.419,0.0004,0.0004
07.04.2023 00:08:30.723,13054.513,13051.349,0.0004,0.0004
07.04.2023 00:08:30.774,13054.761,13051.208999999999,0.0004,0.0004
07.04.2023 00:08:33.239,13053.761,13050.288999999999,0.0004,0.0012
07.04.2023 00:08:33.290,13053.731000000002,13050.239,0.0004,0.0004
07.04.2023 00:08:34.347,13053.571000000002,13050.257,0.0004,0.0004
07.04.2023 00:08:34.397,13053.491000000002,13050.069,0.0004,0.0004
07.04.2023 00:08:35.502,13053.503,13050.608999999999,0.0004,0.0004
07.04.2023 00:08:35.552,13054.041000000001,13050.608999999999,0.0004,0.0004
07.04.2023 00:08:40.288,13053.791000000001,13050.399,0.0004,0.0012
07.04.2023 00:08:40.338,13053.801000000001,13050.339,0.0004,0.0004
07.04.2023 00:08:40.932,13053.853000000001,13050.809,0.0004,0.0004
07.04.2023 00:08:40.982,13054.181,13050.739,0.0004,0.0004
07.04.2023 00:08:41.384,13054.101,13050.767,0.0004,0.0004
07.04.2023 00:08:41.434,13053.901000000002,13050.618999999999,0.0004,0.0004
07.04.2023 00:08:41.540,13054.103000000001,13050.719,0.0004,0.0004
07.04.2023 00:08:41.591,13054.181,13050.798999999999,0.0004,0.0004
07.04.2023 00:08:43.793,13054.141000000001,13050.787,0.0004,0.0004
07.04.2023 00:08:43.844,13054.111,13050.649,0.0004,0.0004
07.04.2023 00:08:43.963,13054.123000000001,13050.729,0.0004,0.0004
07.04.2023 00:08:44.013,13054.251000000002,13050.788999999999,0.0004,0.0004
07.04.2023 00:08:48.066,13053.771,13050.229,0.0004,0.0012
07.04.2023 00:08:48.116,13053.771,13050.259,0.0004,0.0004
07.04.2023 00:08:48.954,13053.791000000001,13050.327,0.0004,0.0004
07.04.2023 00:08:49.005,13053.881000000001,13050.378999999999,0.0004,0.0004
07.04.2023 00:08:49.114,13053.823,13050.698999999999,0.0004,0.0004
07.04.2023 00:08:49.164,13054.091,13050.698999999999,0.0004,0.0004
07.04.2023 00:08:49.736,13054.143,13050.719,0.0004,0.0004
07.04.2023 00:08:49.786,13054.231000000002,13050.749,0.0004,0.0004
07.04.2023 00:08:49.896,13054.101,13050.777,0.0004,0.0004
07.04.2023 00:08:49.947,13054.161000000002,13050.659,0.0004,0.0004
07.04.2023 00:08:50.274,13054.031,13050.667,0.0004,0.0004
07.04.2023 00:08:50.325,13054.031,13050.548999999999,0.0004,0.0004
07.04.2023 00:08:50.433,13054.023000000001,13050.889,0.0004,0.0004
07.04.2023 00:08:50.483,13054.101,13050.618999999999,0.0004,0.0004
07.04.2023 00:08:50.888,13054.031,13050.687,0.0004,0.0004
07.04.2023 00:08:50.938,13054.071000000002,13050.599,0.0004,0.0004
07.04.2023 00:08:51.049,13054.003,13050.679,0.0004,0.0004
07.04.2023 00:08:51.100,13054.101,13050.889,0.0004,0.0004
07.04.2023 00:08:51.706,13054.153,13050.729,0.0004,0.0004
07.04.2023 00:08:51.757,13054.231000000002,13050.769,0.0004,0.0004
07.04.2023 00:08:52.328,13054.051000000001,13050.797,0.0004,0.0004
07.04.2023 00:08:52.379,13054.041000000001,13050.618999999999,0.0004,0.0004
07.04.2023 00:08:53.002,13054.013,13050.739,0.0004,0.0004
07.04.2023 00:08:53.053,13054.241000000002,13050.759,0.0004,0.0004
07.04.2023 00:08:53.162,13054.213000000002,13051.038999999999,0.0004,0.0004
07.04.2023 00:08:53.213,13054.561000000002,13051.038999999999,0.0004,0.0004
07.04.2023 00:08:54.597,13054.281,13050.739,0.0004,0.0012
07.04.2023 00:08:54.648,13054.261,13050.999,0.0004,0.0004
07.04.2023 00:08:58.035,13054.283000000001,13050.829,0.0004,0.0004
07.04.2023 00:08:58.085,13054.381000000001,13050.819,0.0004,0.0004
07.04.2023 00:09:02.641,13054.281,13050.857,0.0004,0.0004
07.04.2023 00:09:02.692,13054.001000000002,13050.989,0.0004,0.0004
07.04.2023 00:09:03.122,13054.273000000001,13051.099,0.0004,0.0004
07.04.2023 00:09:03.173,13054.581000000002,13051.019,0.0004,0.0004
07.04.2023 00:09:06.381,13054.493,13051.128999999999,0.0004,0.0004
07.04.2023 00:09:06.431,13054.411000000002,13051.188999999998,0.0004,0.0004
07.04.2023 00:09:06.542,13054.413,13051.298999999999,0.0004,0.0004
07.04.2023 00:09:06.593,13054.761,13051.499,0.0004,0.0004
07.04.2023 00:09:06.703,13054.551000000001,13051.298999999999,0.0004,0.0012
07.04.2023 00:09:06.754,13054.551000000001,13051.028999999999,0.0004,0.0004
07.04.2023 00:09:08.037,13054.543000000001,13051.159,0.0004,0.0004
07.04.2023 00:09:08.088,13054.651000000002,13051.179,0.0004,0.0004
07.04.2023 00:09:08.685,13054.561000000002,13051.288999999999,0.0004,0.0012
07.04.2023 00:09:08.735,13054.571000000002,13051.059,0.0004,0.0004
07.04.2023 00:09:08.845,13054.553,13051.149,0.0004,0.0004
07.04.2023 00:09:08.896,13054.641000000001,13051.128999999999,0.0004,0.0004
07.04.2023 00:09:09.838,13054.593,13051.208999999999,0.0004,0.0004
07.04.2023 00:09:09.888,13054.681,13051.249,0.0004,0.0004
07.04.2023 00:09:12.889,13054.781,13051.357,0.0004,0.0004
07.04.2023 00:09:12.940,13054.791000000001,13051.399,0.0004,0.0004
07.04.2023 00:09:13.971,13054.781,13051.499,0.0004,0.0012
07.04.2023 00:09:14.021,13054.751000000002,13051.309,0.0004,0.0004
07.04.2023 00:09:14.492,13054.501000000002,13051.247,0.0004,0.0004
07.04.2023 00:09:14.542,13054.571000000002,13051.009,0.0004,0.0004
07.04.2023 00:09:19.093,13054.331000000002,13051.097,0.0004,0.0004
07.04.2023 00:09:19.143,13054.101,13050.868999999999,0.0004,0.0004
07.04.2023 00:09:20.251,13054.353000000001,13051.059,0.0004,0.0004
07.04.2023 00:09:20.302,13054.561000000002,13051.059,0.0004,0.0004
07.04.2023 00:09:20.411,13054.281,13050.759,0.0004,0.0012
07.04.2023 00:09:20.461,13054.271,13050.798999999999,0.0004,0.0004
07.04.2023 00:09:24.078,13054.141000000001,13050.726999999999,0.0004,0.0004
07.04.2023 00:09:24.129,13054.141000000001,13050.639,0.0004,0.0004
07.04.2023 00:09:24.237,13054.083,13050.769,0.0004,0.0004
07.04.2023 00:09:24.287,13054.011,13050.798999999999,0.0004,0.0004
07.04.2023 00:09:28.051,13054.013,13050.909,0.0004,0.0004
07.04.2023 00:09:28.101,13054.371000000001,13050.819,0.0004,0.0004
07.04.2023 00:09:30.617,13054.111,13050.719,0.0004,0.0012
07.04.2023 00:09:30.668,13054.191,13050.698999999999,0.0004,0.0004
07.04.2023 00:09:30.779,13053.811000000002,13050.358999999999,0.0004,0.0012
07.04.2023 00:09:30.829,13053.601,13050.339,0.0004,0.0004
07.04.2023 00:09:31.539,13053.511,13050.288999999999,0.0004,0.0004
07.04.2023 00:09:31.700,13053.201000000001,13049.719,0.0004,0.0012
07.04.2023 00:09:31.750,13053.241000000002,13049.708999999999,0.0004,0.0004
07.04.2023 00:09:34.341,13053.233,13049.809,0.0004,0.0004
07.04.2023 00:09:34.391,13053.351,13049.819,0.0004,0.0004
07.04.2023 00:09:34.503,13052.811000000002,13049.559,0.0004,0.0004
07.04.2023 00:09:37.193,13052.881000000001,13049.587,0.0004,0.0004
07.04.2023 00:09:37.243,13052.791000000001,13049.349,0.0004,0.0004
07.04.2023 00:09:37.353,13052.741000000002,13049.407,0.0004,0.0004
07.04.2023 00:09:37.403,13052.681,13049.309,0.0004,0.0004
07.04.2023 00:09:40.208,13052.641000000001,13049.226999999999,0.0004,0.0004
07.04.2023 00:09:40.258,13052.671000000002,13049.149,0.0004,0.0004
07.04.2023 00:09:40.368,13052.481000000002,13049.117,0.0004,0.0004
07.04.2023 00:09:40.419,13052.541000000001,13049.099,0.0004,0.0004
07.04.2023 00:09:40.528,13052.553,13049.269,0.0004,0.0004
07.04.2023 00:09:40.579,13052.781,13049.269,0.0004,0.0004
07.04.2023 00:09:40.695,13052.753,13049.788999999999,0.0004,0.0004
07.04.2023 00:09:40.745,13053.071000000002,13049.589,0.0004,0.0004
07.04.2023 00:09:43.751,13053.033000000001,13050.048999999999,0.0004,0.0004
07.04.2023 00:09:43.802,13053.571000000002,13050.079,0.0004,0.0004
07.04.2023 00:09:44.159,13053.391000000001,13050.027,0.0004,0.0004
07.04.2023 00:09:44.209,13053.391000000001,13049.858999999999,0.0004,0.0004
07.04.2023 00:09:44.318,13053.261,13049.847,0.0004,0.0004
07.04.2023 00:09:44.369,13053.181,13049.729,0.0004,0.0004
07.04.2023 00:09:46.046,13053.253,13049.909,0.0004,0.0004
07.04.2023 00:09:46.096,13053.291000000001,13049.829,0.0004,0.0004
07.04.2023 00:09:46.424,13053.293000000001,13050.288999999999,0.0004,0.0004
07.04.2023 00:09:46.475,13053.311000000002,13050.079,0.0004,0.0004
07.04.2023 00:09:46.904,13053.533000000001,13050.809,0.0004,0.0004
07.04.2023 00:09:46.955,13054.181,13050.798999999999,0.0004,0.0004
07.04.2023 00:09:47.064,13054.263,13051.089,0.0004,0.0004
07.04.2023 00:09:47.114,13054.541000000001,13051.048999999999,0.0004,0.0004
07.04.2023 00:09:48.349,13054.281,13050.719,0.0004,0.0012
07.04.2023 00:09:48.399,13054.241000000002,13050.739,0.0004,0.0004
07.04.2023 00:09:49.660,13054.263,13051.028999999999,0.0004,0.0004
07.04.2023 00:09:49.711,13054.501000000002,13051.048999999999,0.0004,0.0004
07.04.2023 00:09:51.515,13054.271,13050.759,0.0004,0.0012
07.04.2023 00:09:51.566,13054.191,13050.749,0.0004,0.0004
07.04.2023 00:09:51.674,13054.233,13051.059,0.0004,0.0004
07.04.2023 00:09:51.724,13054.571000000002,13051.019,0.0004,0.0004
07.04.2023 00:09:51.835,13054.553,13051.608999999999,0.0004,0.0004
07.04.2023 00:09:51.885,13055.091,13051.519,0.0004,0.0004
07.04.2023 00:09:51.994,13054.781,13051.298999999999,0.0004,0.0012
07.04.2023 00:09:52.045,13054.511,13051.239,0.0004,0.0004
07.04.2023 00:09:52.153,13054.641000000001,13051.247,0.0004,0.0004
07.04.2023 00:09:52.203,13054.661000000002,13051.169,0.0004,0.0004
07.04.2023 00:09:52.313,13054.501000000002,13051.107,0.0004,0.0004
07.04.2023 00:09:52.364,13054.521,13051.288999999999,0.0004,0.0004
07.04.2023 00:09:56.250,13054.493,13051.208999999999,0.0004,0.0004
07.04.2023 00:09:56.301,13054.611,13051.219,0.0004,0.0004
07.04.2023 00:09:56.410,13054.561000000002,13051.187,0.0004,0.0004
07.04.2023 00:09:56.461,13054.481000000002,13051.079,0.0004,0.0004
07.04.2023 00:09:56.731,13054.483,13051.519,0.0004,0.0004
07.04.2023 00:09:56.781,13055.041000000001,13051.608999999999,0.0004,0.0004
07.04.2023 00:09:56.891,13054.591,13051.208999999999,0.0004,0.0012
07.04.2023 00:09:56.942,13054.671000000002,13051.128999999999,0.0004,0.0004
07.04.2023 00:09:57.072,13054.413,13051.249,0.0004,0.0004
07.04.2023 00:09:57.123,13054.761,13051.229,0.0004,0.0004
07.04.2023 00:09:58.336,13054.621000000001,13051.257,0.0004,0.0004
07.04.2023 00:09:58.387,13054.641000000001,13051.118999999999,0.0004,0.0004
07.04.2023 00:10:00.277,13054.521,13051.177,0.0004,0.0004
07.04.2023 00:10:00.328,13054.571000000002,13051.059,0.0004,0.0004
07.04.2023 00:10:01.809,13054.481000000002,13051.197,0.0004,0.0004
07.04.2023 00:10:01.859,13054.661000000002,13051.159,0.0004,0.0004
07.04.2023 00:10:02.477,13054.561000000002,13051.117,0.0004,0.0004
07.04.2023 00:10:02.527,13054.541000000001,13051.028999999999,0.0004,0.0004
07.04.2023 00:10:02.634,13054.513,13051.169,0.0004,0.0004
07.04.2023 00:10:02.684,13054.671000000002,13051.139,0.0004,0.0004
07.04.2023 00:10:02.919,13054.593,13051.118999999999,0.0004,0.0004
07.04.2023 00:10:02.970,13054.531,13051.288999999999,0.0004,0.0004
07.04.2023 00:10:04.449,13054.583,13051.729,0.0004,0.0004
07.04.2023 00:10:04.499,13055.181,13051.769,0.0004,0.0004
07.04.2023 00:10:07.356,13055.021,13051.767,0.0004,0.0004
07.04.2023 00:10:07.407,13055.011,13051.618999999999,0.0004,0.0004
07.04.2023 00:10:07.507,13054.813,13051.778999999999,0.0004,0.0004
07.04.2023 00:10:07.558,13055.281,13051.719,0.0004,0.0004
07.04.2023 00:10:15.820,13055.203000000001,13051.809,0.0004,0.0004
07.04.2023 00:10:15.870,13055.351,13051.899,0.0004,0.0004
07.04.2023 00:10:15.983,13055.303,13052.708999999999,0.0004,0.0004
07.04.2023 00:10:16.033,13056.181,13052.679,0.0004,0.0004
07.04.2023 00:10:16.141,13055.601,13052.139,0.0004,0.0012
07.04.2023 00:10:16.192,13055.691,13052.108999999999,0.0004,0.0004
07.04.2023 00:10:16.827,13055.301000000001,13052.177,0.0004,0.0004
07.04.2023 00:10:16.879,13055.561000000002,13052.069,0.0004,0.0004
07.04.2023 00:10:17.510,13055.261,13051.749,0.0004,0.0012
07.04.2023 00:10:17.560,13055.201000000001,13051.999,0.0004,0.0004
07.04.2023 00:10:25.584,13055.283000000001,13052.099,0.0004,0.0004
07.04.2023 00:10:25.635,13055.531,13052.059,0.0004,0.0004
07.04.2023 00:10:25.744,13055.563,13052.159,0.0004,0.0004
07.04.2023 00:10:25.794,13055.581000000002,13052.198999999999,0.0004,0.0004
07.04.2023 00:10:25.904,13055.481000000002,13052.127,0.0004,0.0004
07.04.2023 00:10:25.954,13055.511,13052.038999999999,0.0004,0.0004
07.04.2023 00:10:26.128,13055.543000000001,13052.188999999998,0.0004,0.0004
07.04.2023 00:10:26.178,13055.631000000001,13052.159,0.0004,0.0004
07.04.2023 00:10:26.288,13055.521,13052.146999999999,0.0004,0.0004
07.04.2023 00:10:26.338,13055.311000000002,13052.288999999999,0.0004,0.0004
07.04.2023 00:10:26.965,13055.231000000002,13051.769,0.0004,0.0012
07.04.2023 00:10:27.016,13055.271,13051.708999999999,0.0004,0.0004
07.04.2023 00:10:30.274,13055.203000000001,13051.858999999999,0.0004,0.0004
07.04.2023 00:10:30.324,13055.331000000002,13051.909,0.0004,0.0004
07.04.2023 00:10:30.431,13055.241000000002,13051.887,0.0004,0.0004
07.04.2023 00:10:30.482,13055.261,13051.788999999999,0.0004,0.0004
07.04.2023 00:10:33.215,13055.203000000001,13052.099,0.0004,0.0004
07.04.2023 00:10:33.265,13055.501000000002,13052.048999999999,0.0004,0.0004
07.04.2023 00:10:34.886,13055.251000000002,13051.729,0.0004,0.0012
07.04.2023 00:10:34.937,13055.251000000002,13051.778999999999,0.0004,0.0004
07.04.2023 00:10:37.565,13055.003,13051.909,0.0004,0.0004
07.04.2023 00:10:37.615,13055.301000000001,13051.889,0.0004,0.0004
07.04.2023 00:10:38.148,13055.363000000001,13052.069,0.0004,0.0004
07.04.2023 00:10:38.198,13055.541000000001,13052.019,0.0004,0.0004
07.04.2023 00:10:38.427,13055.111,13052.037,0.0004,0.0004
07.04.2023 00:10:38.477,13055.381000000001,13051.858999999999,0.0004,0.0004
07.04.2023 00:10:38.586,13055.221000000001,13051.917,0.0004,0.0004
07.04.2023 00:10:38.637,13055.271,13051.708999999999,0.0004,0.0004
07.04.2023 00:10:40.248,13055.193000000001,13051.868999999999,0.0004,0.0004
07.04.2023 00:10:40.299,13055.381000000001,13051.909,0.0004,0.0004
